102871.0 $3.19 $0.80 / oz. Pepto-Bismol 5 Symptom Relief Liquid Original, 4 OZ 1.0 Right side, back of store Health Essentials Stomach, Heartburn, Gas Pepto-Bismol original liquid. When there's trouble in tummy town, Pepto coats your stomach and provides fast relief from upset stomach, heartburn, indigestion, nausea and diarrhea.#1 Pharmacist recommended brand for upset stomachs (Based on Pharmacy Times 2015 survey, upset stomach remedies category)Pepto-Bismol coats to provide fast reliefBismuth subsalicylateWhether you're looking for an upset stomach medicine or nausea help, wondering what to do for indigestion or heartburn relief, or trying to find what's good for diarrhea, Pepto fixes it fast Drug FactsServing Size: 30mL Dose CupActive Ingredient NutrientAmount per Serving% Daily ValueBismuth Subsalicylate525mg Inactive Ingredients: Benzoic Acid, Flavors, Magnesium Aluminum Silicate, Methylcellulose, D&C Red No. 22, D&C Red No. 28, Saccharin Sodium, Salicylic Acid, Sodium Salicylate, Sorbic Acid, Water. Reye's syndrome: Children and teenagers who have or are recovering from chicken pox or flu-like symptoms should not use this product. When using this product, if changes in behavior with nausea and vomiting occur, consult a doctor because these symptoms could be an early sign of Reye's syndrome, a rare but serious illness. Allergy alert: Contains salicylate. Do not take if you are allergic to salicylates (including aspirin) or taking other salicylate products. Do not use if you have: An ulcer, a bleeding problem, bloody or black stool. Ask a doctor before use if you have: Fever, mucus in the stool. Ask a doctor or pharmacist before use if you are taking any drug for: Anticoagulation (thinning the blood), diabetes, gout, arthritis. When using this product a temporary, but harmless, darkening of the stool and/or tongue may occur. Stop use and ask a doctor if: Symptoms get worse or last more than 2 days, ringing in the ears or loss of hearing occurs, diarrhea lasts more than 2 days. If pregnant or breast-feeding, ask a health professional before use. Keep out of reach of children. In case of overdose, get medical help or contact a Poison Control Center right away. Shake well before use. Use dose cup or tablespoon. Adults and children 12 years and over: 1 Dose (30mL or 2 tablespoons) every 1/2- to 1-hour as needed. Do not exceed 8 doses (240mL or 16 tablespoons) in 24-hour. Use until diarrhea stops, but not more than 2 days. Children under 12 years: Ask a doctor. Drink plenty of clear fluids to help prevent dehydration caused by diarrhea. 422000.0 917529.0 230995.0 5
102871.0 $3.99 $1.00 / oz. Pepto-Bismol 5 Symptom Relief Liquid Original, 4 OZ 1.0 Left side, half way down Health Essentials Stomach, Heartburn, Gas Pepto-Bismol original liquid. When there's trouble in tummy town, Pepto coats your stomach and provides fast relief from upset stomach, heartburn, indigestion, nausea and diarrhea.#1 Pharmacist recommended brand for upset stomachs (Based on Pharmacy Times 2015 survey, upset stomach remedies category)Pepto-Bismol coats to provide fast reliefBismuth subsalicylateWhether you're looking for an upset stomach medicine or nausea help, wondering what to do for indigestion or heartburn relief, or trying to find what's good for diarrhea, Pepto fixes it fast Drug FactsServing Size: 30mL Dose CupActive Ingredient NutrientAmount per Serving% Daily ValueBismuth Subsalicylate525mg Inactive Ingredients: Benzoic Acid, Flavors, Magnesium Aluminum Silicate, Methylcellulose, D&C Red No. 22, D&C Red No. 28, Saccharin Sodium, Salicylic Acid, Sodium Salicylate, Sorbic Acid, Water. Reye's syndrome: Children and teenagers who have or are recovering from chicken pox or flu-like symptoms should not use this product. When using this product, if changes in behavior with nausea and vomiting occur, consult a doctor because these symptoms could be an early sign of Reye's syndrome, a rare but serious illness. Allergy alert: Contains salicylate. Do not take if you are allergic to salicylates (including aspirin) or taking other salicylate products. Do not use if you have: An ulcer, a bleeding problem, bloody or black stool. Ask a doctor before use if you have: Fever, mucus in the stool. Ask a doctor or pharmacist before use if you are taking any drug for: Anticoagulation (thinning the blood), diabetes, gout, arthritis. When using this product a temporary, but harmless, darkening of the stool and/or tongue may occur. Stop use and ask a doctor if: Symptoms get worse or last more than 2 days, ringing in the ears or loss of hearing occurs, diarrhea lasts more than 2 days. If pregnant or breast-feeding, ask a health professional before use. Keep out of reach of children. In case of overdose, get medical help or contact a Poison Control Center right away. Shake well before use. Use dose cup or tablespoon. Adults and children 12 years and over: 1 Dose (30mL or 2 tablespoons) every 1/2- to 1-hour as needed. Do not exceed 8 doses (240mL or 16 tablespoons) in 24-hour. Use until diarrhea stops, but not more than 2 days. Children under 12 years: Ask a doctor. Drink plenty of clear fluids to help prevent dehydration caused by diarrhea. 422000.0 917529.0 230995.0 0
110421.0 $3.69 $1.85 / ea. Beauty 360 Medium Hold Black Ponytailers, 18CT 2.0 Right side, half way down Beauty 18 black elastics. No metal parts. Comfortable all day hold. 0 CHOKING HAZARD - Small Parts. Not for Children under 3 yrs. 0 986114.0 987290.0 857242.0 3
122344.0 $4.39 $17.56 / oz. CVS Health Oral Anesthetic Gel Maximum Strength 1.0 Left side, half way down Health Essentials Oral Health For the temporary relief of pain associated with: toothache, canker sores, minor dental procedures, minor injury of the mouth and gum caused by dentures or orthodontic appliances. Benzocaine 20% Do not use: if you have a history of allergy to local anesthetics such as procaine, butacaine or other 'caine' anesthetics; for more than 7 days. When using this product: avoid contact with the eyes; do not exceed recommended dosage. Stop use and ask a doctor if: sore mouth symptoms do not improve in 7 days; swelling, rash or fever develops; irritation, pain or redness persists or worsens. Keep out of reach of children. If swallowed, get medical help or contact a Poison Control Center right away. Adults and children 2 years of age and older: Cut open tip of tube. Apply to the affected area up to 4 times daily or as directed by a dentist or doctor. Children under 12 years of age should be supervised in the use of this product. Children under 2 years of age: there is no recommended dosage except under the advice and supervision of a dentist or doctor. 358135.0 475817.0 686584.0 3
122344.0 $6.29 $25.16 / oz. CVS Health Oral Anesthetic Gel Maximum Strength 1.0 Right side, half way down Health Essentials Oral Health For the temporary relief of pain associated with: toothache, canker sores, minor dental procedures, minor injury of the mouth and gum caused by dentures or orthodontic appliances. Benzocaine 20% Do not use: if you have a history of allergy to local anesthetics such as procaine, butacaine or other 'caine' anesthetics; for more than 7 days. When using this product: avoid contact with the eyes; do not exceed recommended dosage. Stop use and ask a doctor if: sore mouth symptoms do not improve in 7 days; swelling, rash or fever develops; irritation, pain or redness persists or worsens. Keep out of reach of children. If swallowed, get medical help or contact a Poison Control Center right away. Adults and children 2 years of age and older: Cut open tip of tube. Apply to the affected area up to 4 times daily or as directed by a dentist or doctor. Children under 12 years of age should be supervised in the use of this product. Children under 2 years of age: there is no recommended dosage except under the advice and supervision of a dentist or doctor. 358135.0 475817.0 686584.0 7
122344.0 $5.79 $23.16 / oz. CVS Health Oral Anesthetic Gel Maximum Strength 1.0 Left side, front of store Health Essentials Oral Health For the temporary relief of pain associated with: toothache, canker sores, minor dental procedures, minor injury of the mouth and gum caused by dentures or orthodontic appliances. Benzocaine 20% Do not use: if you have a history of allergy to local anesthetics such as procaine, butacaine or other 'caine' anesthetics; for more than 7 days. When using this product: avoid contact with the eyes; do not exceed recommended dosage. Stop use and ask a doctor if: sore mouth symptoms do not improve in 7 days; swelling, rash or fever develops; irritation, pain or redness persists or worsens. Keep out of reach of children. If swallowed, get medical help or contact a Poison Control Center right away. Adults and children 2 years of age and older: Cut open tip of tube. Apply to the affected area up to 4 times daily or as directed by a dentist or doctor. Children under 12 years of age should be supervised in the use of this product. Children under 2 years of age: there is no recommended dosage except under the advice and supervision of a dentist or doctor. 358135.0 475817.0 686584.0 9
155386.0 $4.39 $0.43 / oz. Gold Emblem Mixed Nuts Lightly Salted 3.0 Right side, front of store Food & Beverage Less than 50% peanuts. Made with sea salt. Contains 50% less sodium than our regular mixed nuts. Per 1/4 cup: 170 calories, 2 g sat fat (10% DV), 55 mg sodium (2% DV), 1 g sugars. Gold Emblem Mixed Nuts are a perfectly balanced blend of everyone's favorite nuts, with a touch of sea salt - great for snacking and sharing. Our commitment to quality means we shop carefully for ingredients, adjust recipes, and taste-test everything because in our house as in yours, what matters most is taste. In fact, we guarantee you'll love this item. We're Gold Emblem. Our standard is delicious. Sodium content has been reduced from 110 mg per serving in our regular mixed nuts to 55 mg per serving in this product. Blanched and Unblanched Peanuts, Cashews, Almonds, Brazil Nuts, Filberts/Hazelnuts, Pecans, Peanut and/or Canola and/or Cottonseed Oil, Sea Salt. Allergy Information: Contains peanuts, cashews, almonds, Brazil nuts, filberts/hazelnuts, pecans. May contain trace amounts of pistachios, macadamia nuts, walnuts, coconut, soy, milk, wheat. May contain an occasional shell fragment. 0 917529.0 378687.0 443504.0 3
155386.0 $6.29 $0.61 / oz. Gold Emblem Mixed Nuts Lightly Salted 3.0 Right side, front of store Food & Beverage Less than 50% peanuts. Made with sea salt. Contains 50% less sodium than our regular mixed nuts. Per 1/4 cup: 170 calories, 2 g sat fat (10% DV), 55 mg sodium (2% DV), 1 g sugars. Gold Emblem Mixed Nuts are a perfectly balanced blend of everyone's favorite nuts, with a touch of sea salt - great for snacking and sharing. Our commitment to quality means we shop carefully for ingredients, adjust recipes, and taste-test everything because in our house as in yours, what matters most is taste. In fact, we guarantee you'll love this item. We're Gold Emblem. Our standard is delicious. Sodium content has been reduced from 110 mg per serving in our regular mixed nuts to 55 mg per serving in this product. Blanched and Unblanched Peanuts, Cashews, Almonds, Brazil Nuts, Filberts/Hazelnuts, Pecans, Peanut and/or Canola and/or Cottonseed Oil, Sea Salt. Allergy Information: Contains peanuts, cashews, almonds, Brazil nuts, filberts/hazelnuts, pecans. May contain trace amounts of pistachios, macadamia nuts, walnuts, coconut, soy, milk, wheat. May contain an occasional shell fragment. 0 917529.0 378687.0 443504.0 5
155386.0 $5.79 $0.56 / oz. Gold Emblem Mixed Nuts Lightly Salted 3.0 Right side, front of store Food & Beverage Less than 50% peanuts. Made with sea salt. Contains 50% less sodium than our regular mixed nuts. Per 1/4 cup: 170 calories, 2 g sat fat (10% DV), 55 mg sodium (2% DV), 1 g sugars. Gold Emblem Mixed Nuts are a perfectly balanced blend of everyone's favorite nuts, with a touch of sea salt - great for snacking and sharing. Our commitment to quality means we shop carefully for ingredients, adjust recipes, and taste-test everything because in our house as in yours, what matters most is taste. In fact, we guarantee you'll love this item. We're Gold Emblem. Our standard is delicious. Sodium content has been reduced from 110 mg per serving in our regular mixed nuts to 55 mg per serving in this product. Blanched and Unblanched Peanuts, Cashews, Almonds, Brazil Nuts, Filberts/Hazelnuts, Pecans, Peanut and/or Canola and/or Cottonseed Oil, Sea Salt. Allergy Information: Contains peanuts, cashews, almonds, Brazil nuts, filberts/hazelnuts, pecans. May contain trace amounts of pistachios, macadamia nuts, walnuts, coconut, soy, milk, wheat. May contain an occasional shell fragment. 0 917529.0 378687.0 443504.0 2
161299.0 $1.39 $0.46 / oz. Beauty 360 Intense Repairing Lotion Fragrance Free, 3 OZ 4.0 Left side, back of store Personal Care Relieves extra dry skin. Dermatologist tested. Advanced moisture +. Compare to Vaseline Intensive Rescue Repairing Moisture Body Lotion (This product is not manufactured or distributed by Unilever Inc., owner of the registered trademarks Vaseline and Intensive Rescue). Relieve and help heal extra dry skin with CVS/pharmacy Intense Repairing Lotion. Our repairing formula contains Advanced Moisture Plus, a rich complex of jojoba esters and glycerin, to help restore and protect skin's moisture below the surface. Instantly moisturizes extra dry skin. Hydrates skin for 24 hours. Absorbs quickly, non-greasy. Hypoallergenic. CVS quality. Made in the USA with US and foreign parts. Water, Glycerin, Glycol Stearate, Petrolatum, Stearic Acid, Isopropyl Isostearate, Dimethicone, Jojoba Esters, Hydrolyzed Jojoba Esters, Hydroxyethyl Urea, Tapioca Starch, Cetyl Alcohol, Glyceryl Stearate, Magnesium Aluminum Silicate, Stearamide Amp, Carbomer, Isopropyl Palmitate, Cedrol, Triethanolamine, Disodium EDTA, Phenoxyethanol, Methylparaben, Propylparaben. 0 0 336263.0 937668.0 986114.0 4
161299.0 $1.99 $0.66 / oz. Beauty360 Intense Repairing Lotion Fragrance Free, 3 OZ 4.0 Right side, back of store Personal Care Relieves extra dry skin. Dermatologist tested. Advanced moisture +. Compare to Vaseline Intensive Rescue Repairing Moisture Body Lotion (This product is not manufactured or distributed by Unilever Inc., owner of the registered trademarks Vaseline and Intensive Rescue). Relieve and help heal extra dry skin with CVS/pharmacy Intense Repairing Lotion. Our repairing formula contains Advanced Moisture Plus, a rich complex of jojoba esters and glycerin, to help restore and protect skin's moisture below the surface. Instantly moisturizes extra dry skin. Hydrates skin for 24 hours. Absorbs quickly, non-greasy. Hypoallergenic. CVS quality. Made in the USA with US and foreign parts. Water, Glycerin, Glycol Stearate, Petrolatum, Stearic Acid, Isopropyl Isostearate, Dimethicone, Jojoba Esters, Hydrolyzed Jojoba Esters, Hydroxyethyl Urea, Tapioca Starch, Cetyl Alcohol, Glyceryl Stearate, Magnesium Aluminum Silicate, Stearamide Amp, Carbomer, Isopropyl Palmitate, Cedrol, Triethanolamine, Disodium EDTA, Phenoxyethanol, Methylparaben, Propylparaben. 0 0 336263.0 937668.0 986114.0 7
164177.0 $2.19 $0.07 / ea. CVS Health First Aid Kit 1.0 Left side, back of store Health Essentials First Aid Ideal for cuts and scrapes
Featuring antibacterial fabric and waterproof bandages
Take-along compact plastic case
Contains: 2 Antispetic Wipes, 2 Sterile Pads, 4 Sheer Spot Bandages, 3 Large Sheer Bandages, 4 Fabric Antibacterial Bandages, 4 Waterproof Antibacterial Bandages, 10 Sheer Bandages 0 0 0 322436.0 950987.0 276878.0 6
164177.0 $3.09 $0.10 / ea. CVS Health First Aid Kit 1.0 Left side, back of store Health Essentials First Aid Ideal for cuts and scrapes
Featuring antibacterial fabric and waterproof bandages
Take-along compact plastic case
Contains: 2 Antispetic Wipes, 2 Sterile Pads, 4 Sheer Spot Bandages, 3 Large Sheer Bandages, 4 Fabric Antibacterial Bandages, 4 Waterproof Antibacterial Bandages, 10 Sheer Bandages 0 0 0 322436.0 950987.0 276878.0 8
164177.0 $2.99 $0.10 / ea. CVS Health First Aid Kit 1.0 Left side, back of store Health Essentials First Aid Ideal for cuts and scrapes
Featuring antibacterial fabric and waterproof bandages
Take-along compact plastic case
Contains: 2 Antispetic Wipes, 2 Sterile Pads, 4 Sheer Spot Bandages, 3 Large Sheer Bandages, 4 Fabric Antibacterial Bandages, 4 Waterproof Antibacterial Bandages, 10 Sheer Bandages 0 0 0 322436.0 950987.0 276878.0 8
185226.0 $3.49 $0.15 / ea. CVS Health Migraine Relief Caplets, 24CT 1.0 Right side, half way down Health Essentials Pain Relief Treats migraine. Coated caplets (capsule-shaped tablets). Per Caplet: Acetaminophen 250 mg; Aspirin 250 mg; Caffeine 65 mg Reye's syndrome: Children and teenagers who have or are recovering from chicken pox or flu-like symptoms should not use this product. When using this product, if changes in behavior with nausea and vomiting occur, consult a doctor because these symptoms could be an early sign of Reye's syndrome, a rare but serious illness. Allergy alert: Aspirin may cause a severe allergic reaction which may include: hives, facial swelling, asthma (wheezing), shock. Alcohol warning: If you consume 3 or more alcoholic drinks every day, ask your doctor whether you should take acetaminophen and aspirin or other pain relievers/fever reducers. Acetaminophen and aspirin may cause liver damage and stomach bleeding. Caffeine warning: The recommended dose of this product contains about as much caffeine as a cup of coffee. Limit the use of caffeine-containing medications, foods, or beverages while taking this product because too much caffeine may cause nervousness, irritability, sleeplessness, and, occasionally, rapid heart beat. Do not use if you have ever had an allergic reaction to any other pain reliever/fever reducer; with any other products containing acetaminophen. Taking more than directed may cause liver damage. Ask a doctor before if you have: never had migraines diagnosed by a health professional; a headache that is different from your usual migraines; the worst headache of your life; fever and stiff neck; headaches beginning after or caused by head injury, exertion, coughing or bending; experienced your first headache after the age of 50; daily headaches; asthma; bleeding problems; ulcers; a migraine so severe as to require bed rest; problems or serious side effects from taking pain relievers or fever reducers; stomach problems such as heartburn, upset stomach, or stomach pain that do not go away or recur. Ask a doctor or pharmacist before use if you are taking a prescription drug for: anticoagulation (thinning of the blood), diabetes, gout, arthritis. Stop use and ask a doctor if: an allergic reaction occurs. Seek medical help right away; your migraine is not relieved or worsens after first dose; new or unexpected symptoms occur; ringing in the ears or loss of hearing occurs. If pregnant or breast-feeding, ask a health professional before use. It is especially important not to use aspirin during the last 3 months of pregnancy unless definitely directed to do so by a doctor because it may cause problems in the unborn child or complications during delivery. Keep out of reach of children. Overdose warning: Taking more than the recommended dose can cause serious health problems. In case of overdose, get medical help or contact a Poison Control Center right away. Quick medical attention is critical for adults as well as for children even if you do not notice any signs or symptoms. Do not use more than directed (see overdose warning). ADULTS: take 2 caplets with a full glass of water. If symptoms persist or worsen, ask your doctor. Do not take more than 2 caplets in 24 hours, unless directed by a doctor. UNDER 18 YEARS OF AGE: ask a doctor. 917529.0 276878.0 232569.0 10
185226.0 $4.99 $0.21 / ea. CVS Health Migraine Relief Caplets, 24CT 1.0 Left side, back of store Health Essentials Pain Relief Treats migraine. Coated caplets (capsule-shaped tablets). Per Caplet: Acetaminophen 250 mg; Aspirin 250 mg; Caffeine 65 mg Reye's syndrome: Children and teenagers who have or are recovering from chicken pox or flu-like symptoms should not use this product. When using this product, if changes in behavior with nausea and vomiting occur, consult a doctor because these symptoms could be an early sign of Reye's syndrome, a rare but serious illness. Allergy alert: Aspirin may cause a severe allergic reaction which may include: hives, facial swelling, asthma (wheezing), shock. Alcohol warning: If you consume 3 or more alcoholic drinks every day, ask your doctor whether you should take acetaminophen and aspirin or other pain relievers/fever reducers. Acetaminophen and aspirin may cause liver damage and stomach bleeding. Caffeine warning: The recommended dose of this product contains about as much caffeine as a cup of coffee. Limit the use of caffeine-containing medications, foods, or beverages while taking this product because too much caffeine may cause nervousness, irritability, sleeplessness, and, occasionally, rapid heart beat. Do not use if you have ever had an allergic reaction to any other pain reliever/fever reducer; with any other products containing acetaminophen. Taking more than directed may cause liver damage. Ask a doctor before if you have: never had migraines diagnosed by a health professional; a headache that is different from your usual migraines; the worst headache of your life; fever and stiff neck; headaches beginning after or caused by head injury, exertion, coughing or bending; experienced your first headache after the age of 50; daily headaches; asthma; bleeding problems; ulcers; a migraine so severe as to require bed rest; problems or serious side effects from taking pain relievers or fever reducers; stomach problems such as heartburn, upset stomach, or stomach pain that do not go away or recur. Ask a doctor or pharmacist before use if you are taking a prescription drug for: anticoagulation (thinning of the blood), diabetes, gout, arthritis. Stop use and ask a doctor if: an allergic reaction occurs. Seek medical help right away; your migraine is not relieved or worsens after first dose; new or unexpected symptoms occur; ringing in the ears or loss of hearing occurs. If pregnant or breast-feeding, ask a health professional before use. It is especially important not to use aspirin during the last 3 months of pregnancy unless definitely directed to do so by a doctor because it may cause problems in the unborn child or complications during delivery. Keep out of reach of children. Overdose warning: Taking more than the recommended dose can cause serious health problems. In case of overdose, get medical help or contact a Poison Control Center right away. Quick medical attention is critical for adults as well as for children even if you do not notice any signs or symptoms. Do not use more than directed (see overdose warning). ADULTS: take 2 caplets with a full glass of water. If symptoms persist or worsen, ask your doctor. Do not take more than 2 caplets in 24 hours, unless directed by a doctor. UNDER 18 YEARS OF AGE: ask a doctor. 917529.0 276878.0 232569.0 1
192868.0 $1.99 $0.66 / oz. CVS Health Mint Mouthwash, 3OZ 1.0 Left side, half way down Health Essentials Oral Health Compare to Scope**This product is not manufactured or distributed by Procter & Gamble, distributor of Scope Original Mint Mouthwash.SEALED WITH PRINTED NECKBAND FOR YOUR PROTECTIONDistributed by:CVS Pharmacy, Inc.Woonsocket, RI 028952012 CVS/pharmacywww.cvs.comCVS QualityMONEY BACK GUARANTEE "ingredients":["water", "alcohol (15 wt%)", "glycerin", "flavor", "polysorbate 80", "sodium saccharin", "sodium benzoate", "cetylpyridinium chloride", "benzoic acid", "blue 1", "yellow 5" WARNINGS: Keep out of reach of children.  Caution: In case of accidental ingestion, seek professional assistance or contact a Poison Control Center immediately. Do not use in children under 6 years of age. Children over 6 should be supervised when using this product. TO OPEN:      Remove Printed Tamper Evident Neckband.     Push cap down while turning.  TO CLOSE: Place cap on bottle and turn until it feels secure.  DIRECTIONS: Rinse or gargle for 30 seconds with 30 mL (1 FL OZ) of this product. DO NOT SWALLOW. 873481.0 454376.0 844691.0 6
192868.0 $1.89 $0.63 / oz. CVS Health Mint Mouthwash, 3OZ 1.0 Right side, back of store Health Essentials Oral Health Compare to Scope**This product is not manufactured or distributed by Procter & Gamble, distributor of Scope Original Mint Mouthwash.SEALED WITH PRINTED NECKBAND FOR YOUR PROTECTIONDistributed by:CVS Pharmacy, Inc.Woonsocket, RI 028952012 CVS/pharmacywww.cvs.comCVS QualityMONEY BACK GUARANTEE "ingredients":["water", "alcohol (15 wt%)", "glycerin", "flavor", "polysorbate 80", "sodium saccharin", "sodium benzoate", "cetylpyridinium chloride", "benzoic acid", "blue 1", "yellow 5" WARNINGS: Keep out of reach of children.  Caution: In case of accidental ingestion, seek professional assistance or contact a Poison Control Center immediately. Do not use in children under 6 years of age. Children over 6 should be supervised when using this product. TO OPEN:      Remove Printed Tamper Evident Neckband.     Push cap down while turning.  TO CLOSE: Place cap on bottle and turn until it feels secure.  DIRECTIONS: Rinse or gargle for 30 seconds with 30 mL (1 FL OZ) of this product. DO NOT SWALLOW. 873481.0 454376.0 844691.0 7
193592.0 $14.29 $14.29 / ea. CVS Health Digital Flexible Tip Thermometer 1.0 Left side, back of store Health Essentials Children's Soft and adaptable to make temperature taking comfortable & easy. Meets ASTM standards for professional accuracy. For oral, rectal & underarm use. Water resistant. 5 sec. reading (Results may vary by individual and measurement method used). Flexible thermometers are more comfortable because they conform to the body. Our CVS/pharmacy Flexible Tip Digital Thermometer is easy-to-use and gently adapts to the area of use. Plus, it gives you an accurate reading in just 5 seconds. Featured benefits. Measures temperature in 5 seconds (Results may vary by individual and measurement method used).Easy push-button technology for oral, rectal or underarm use. Memory recall displays last temperature taken. Conveniently displays in degrees F or degrees C. Easy-to-read display. Soft, flexible design for comfort. Water resistant. Advanced technology. What is Fever Signal? Fever Signal displays colors to quickly and easily help you understand temperature levels.The color green indicates normal temperature, yellow indicates a mildly above-normal temperature, and red indicates high temperature/fever.Contents: 1 digital thermometer. Battery included. F$A eligible. CVS quality. Made in China.This item is FSA (Flexible Spending Account) eligible. 0 0 0 917529.0 645036.0 938778.0 7
193592.0 $13.29 $13.29 / ea. CVS Health Digital Flexible Tip Thermometer 1.0 Right side, back of store Health Essentials Children's Soft and adaptable to make temperature taking comfortable & easy. Meets ASTM standards for professional accuracy. For oral, rectal & underarm use. Water resistant. 5 sec. reading (Results may vary by individual and measurement method used). Flexible thermometers are more comfortable because they conform to the body. Our CVS/pharmacy Flexible Tip Digital Thermometer is easy-to-use and gently adapts to the area of use. Plus, it gives you an accurate reading in just 5 seconds. Featured benefits. Measures temperature in 5 seconds (Results may vary by individual and measurement method used).Easy push-button technology for oral, rectal or underarm use. Memory recall displays last temperature taken. Conveniently displays in degrees F or degrees C. Easy-to-read display. Soft, flexible design for comfort. Water resistant. Advanced technology. What is Fever Signal? Fever Signal displays colors to quickly and easily help you understand temperature levels.The color green indicates normal temperature, yellow indicates a mildly above-normal temperature, and red indicates high temperature/fever.Contents: 1 digital thermometer. Battery included. F$A eligible. CVS quality. Made in China.This item is FSA (Flexible Spending Account) eligible. 0 0 0 917529.0 645036.0 938778.0 8
202309.0 $3.49 $0.19 / ea. CVS Health Ultra Thin Pads Regular With Wings 1.0 Right side, front of store Health Essentials Feminine Care 30 x 36 Disposable Pad. More absorbent. Durable even when wet. Strong for overnight use. Bonded construction makes pad durable, even when wet. Waterproof Moisture Barrier: Keeps bed and other surfaces dry. Absorbent Padding: Offers consistent absorbency for greater protection. 0 Important: Keep plastic bags away from children. Lift flap of pouch and remove pad. Keep pouch for disposal. Remove peel strip from pad and press into panties. Peel paper tabs from wings. Wrap wings around sides and attach by pressing to underside of panties. To Dispose: Detach wings from panties and remove pad. Roll or fold pad and place into pouch. Dispose in wastebasket. Do Not Flush. 458343.0 318474.0 845173.0 1
202309.0 $3.39 $0.19 / ea. CVS Health Ultra Thin Pads Regular With Wings 1.0 Left side, front of store Health Essentials Feminine Care 30 x 36 Disposable Pad. More absorbent. Durable even when wet. Strong for overnight use. Bonded construction makes pad durable, even when wet. Waterproof Moisture Barrier: Keeps bed and other surfaces dry. Absorbent Padding: Offers consistent absorbency for greater protection. 0 Important: Keep plastic bags away from children. Lift flap of pouch and remove pad. Keep pouch for disposal. Remove peel strip from pad and press into panties. Peel paper tabs from wings. Wrap wings around sides and attach by pressing to underside of panties. To Dispose: Detach wings from panties and remove pad. Roll or fold pad and place into pouch. Dispose in wastebasket. Do Not Flush. 458343.0 318474.0 845173.0 5
206805.0 $4.79 $0.16 / ea. CVS Health Extra Strength Gas Relief Softgels, 30CT 1.0 Left side, back of store Health Essentials Stomach, Heartburn, Gas For relief of: bloating, pressure, fullness; stuffed feeling commonly referred to as gas. Easy to swallow. Per Softgel: Simethicone 125 mg Stop use and ask a doctor if condition persists. If pregnant or breast-feeding, ask a health professional before use. Keep out of reach of children. In case of overdose, get medical help or contact a Poison Control Center right away. Adults: swallow with water 1 to 2 softgels as needed after meals or at bedtime. Do not exceed 4 softgels per day unless directed by a doctor. 917529.0 422000.0 552588.0 9
206805.0 $6.79 $0.23 / ea. CVS Health Extra Strength Gas Relief Softgels, 30CT 1.0 Right side, half way down Health Essentials Stomach, Heartburn, Gas For relief of: bloating, pressure, fullness; stuffed feeling commonly referred to as gas. Easy to swallow. Per Softgel: Simethicone 125 mg Stop use and ask a doctor if condition persists. If pregnant or breast-feeding, ask a health professional before use. Keep out of reach of children. In case of overdose, get medical help or contact a Poison Control Center right away. Adults: swallow with water 1 to 2 softgels as needed after meals or at bedtime. Do not exceed 4 softgels per day unless directed by a doctor. 917529.0 422000.0 552588.0 8
206805.0 $6.29 $0.21 / ea. CVS Health Extra Strength Gas Relief Softgels, 30CT 1.0 Right side, front of store Health Essentials Stomach, Heartburn, Gas For relief of: bloating, pressure, fullness; stuffed feeling commonly referred to as gas. Easy to swallow. Per Softgel: Simethicone 125 mg Stop use and ask a doctor if condition persists. If pregnant or breast-feeding, ask a health professional before use. Keep out of reach of children. In case of overdose, get medical help or contact a Poison Control Center right away. Adults: swallow with water 1 to 2 softgels as needed after meals or at bedtime. Do not exceed 4 softgels per day unless directed by a doctor. 917529.0 422000.0 552588.0 9
213584.0 $5.29 $0.18 / ea. Beauty 360 Easy-Grip Cosmetic Rounds, 50CT 5.0 Left side, half way down #REF! 0 0 0 482594.0 472249.0 350772.0 4
218629.0 $4.99 $0.28 / ea. Tampax Pocket Pearl Plastic Tampons Reg Unscened, 18CT 1.0 Right side, front of store Health Essentials Feminine Care Full-size protection that fits in your pocket! If you loved Tampax Pearl Compak, you'll love Tampax Pocket Pearl tampons. Tampax Pocket Pearl compact tampons have extendable applicators and give you the same Pearl protection you trust in a more discreet size. Also, its wrapper features an easy-open tab to ensure discretion. Tampax Pocket Pearl also has a Built-In Backup Braid that helps stop leaks by channeling them back into the core, protecting you in a way no other tampon does. (Also sold as Tampax Radiant.).Tampax Pocket Pearl compact tampons with Built-In Backup.Pocket Pearl provides the powerful protection of full-size Pearl tampons in a compact size.Easy-open tab, smooth applicator and Anti-Slip Grip make them easy to use.Loved Tampax Compak? Tampax Pocket Pearl tampons are just as small but offer better design and protection.Tampax Pocket Pearl regular absorbency unscented compact tampons. Ingredients (May Contain): Cotton, Rayon, Polyester, Polypropylene, Polyethylene, Fiber Finishes. Attention: Tampons are associated with toxic shock syndrome (TSS). TSS is a rare but serious disease that may cause death. Read and save the leaflet inside the package. Use for 8 hours maximum. The risk of toxic shock syndrome (TSS) increases with higher absorbency. In order to reduce your risk of TSS, you should use the lowest absorbency that meets your needs. Directions for use inside package. Tampons come in standardized industry-wide absorbencies. Use the chart for comparing absorbencies of all industry products. Absorbency - Absorbency range: Light - Less than 6g, regular - 6 to 9g, super - 9 to 12g, super plus - 12 to 15g, ultra - 15 to 18g. 430151.0 202309.0 458343.0 3
218629.0 $6.19 $0.34 / ea. Tampax Pocket Pearl Plastic Tampons Reg Unscened, 18CT 1.0 Left side, front of store Health Essentials Feminine Care Full-size protection that fits in your pocket! If you loved Tampax Pearl Compak, you'll love Tampax Pocket Pearl tampons. Tampax Pocket Pearl compact tampons have extendable applicators and give you the same Pearl protection you trust in a more discreet size. Also, its wrapper features an easy-open tab to ensure discretion. Tampax Pocket Pearl also has a Built-In Backup Braid that helps stop leaks by channeling them back into the core, protecting you in a way no other tampon does. (Also sold as Tampax Radiant.).Tampax Pocket Pearl compact tampons with Built-In Backup.Pocket Pearl provides the powerful protection of full-size Pearl tampons in a compact size.Easy-open tab, smooth applicator and Anti-Slip Grip make them easy to use.Loved Tampax Compak? Tampax Pocket Pearl tampons are just as small but offer better design and protection.Tampax Pocket Pearl regular absorbency unscented compact tampons. Ingredients (May Contain): Cotton, Rayon, Polyester, Polypropylene, Polyethylene, Fiber Finishes. Attention: Tampons are associated with toxic shock syndrome (TSS). TSS is a rare but serious disease that may cause death. Read and save the leaflet inside the package. Use for 8 hours maximum. The risk of toxic shock syndrome (TSS) increases with higher absorbency. In order to reduce your risk of TSS, you should use the lowest absorbency that meets your needs. Directions for use inside package. Tampons come in standardized industry-wide absorbencies. Use the chart for comparing absorbencies of all industry products. Absorbency - Absorbency range: Light - Less than 6g, regular - 6 to 9g, super - 9 to 12g, super plus - 12 to 15g, ultra - 15 to 18g. 430151.0 202309.0 458343.0 0
218629.0 $5.99 $0.33 / ea. Tampax Pocket Pearl Plastic Tampons Reg Unscened, 18CT 1.0 Left side, back of store Health Essentials Feminine Care Full-size protection that fits in your pocket! If you loved Tampax Pearl Compak, you'll love Tampax Pocket Pearl tampons. Tampax Pocket Pearl compact tampons have extendable applicators and give you the same Pearl protection you trust in a more discreet size. Also, its wrapper features an easy-open tab to ensure discretion. Tampax Pocket Pearl also has a Built-In Backup Braid that helps stop leaks by channeling them back into the core, protecting you in a way no other tampon does. (Also sold as Tampax Radiant.).Tampax Pocket Pearl compact tampons with Built-In Backup.Pocket Pearl provides the powerful protection of full-size Pearl tampons in a compact size.Easy-open tab, smooth applicator and Anti-Slip Grip make them easy to use.Loved Tampax Compak? Tampax Pocket Pearl tampons are just as small but offer better design and protection.Tampax Pocket Pearl regular absorbency unscented compact tampons. Ingredients (May Contain): Cotton, Rayon, Polyester, Polypropylene, Polyethylene, Fiber Finishes. Attention: Tampons are associated with toxic shock syndrome (TSS). TSS is a rare but serious disease that may cause death. Read and save the leaflet inside the package. Use for 8 hours maximum. The risk of toxic shock syndrome (TSS) increases with higher absorbency. In order to reduce your risk of TSS, you should use the lowest absorbency that meets your needs. Directions for use inside package. Tampons come in standardized industry-wide absorbencies. Use the chart for comparing absorbencies of all industry products. Absorbency - Absorbency range: Light - Less than 6g, regular - 6 to 9g, super - 9 to 12g, super plus - 12 to 15g, ultra - 15 to 18g. 430151.0 202309.0 458343.0 3
223305.0 $1.49 $0.07 / ea. CVS Health Ultra-Soft Unscented Cleansing Wipes, 20CT 1.0 Right side, back of store Health Essentials Children's 7.5 in x 7.75 in. Fragrance free. Hypoallergenic. Alcohol free. With aloe & vitamin E. Resealable travel pack. Plus texture for superior cleaning & strength. CVS/pharmacy Ultra-soft Cleansing Baby Wipes are made with real cloth containing aloe and vitamin E for the softest skin. The unique plush texture and mild cleansing solution leave your baby clean and refreshed. Wipes dispense easily, so you always have one hand free to hold baby when you're on-the-go. CVS quality. www.cvs.com. Made in the USA. Water, Propylene Glycol, Aloe Barbadensis Leaf Juice, Tocopheryl Acetate, PEG-75 Lanolin, Disodium Cocoamphodiacetate, Polysorbate 20, Citric Acid, Disodium Phosphate, Disodium EDTA, 2-Bromo-2-Nitropropane-1,3-Diol, Iodopropynyl Butylcarbamate. 0 Store at room temperature. Keep label tightly closed when not in use. Dispose of used wipes in trash receptacle. Do not flush. Peel back label slowly. Pull out wipes as needed and reseal label. Dispose of used wipes in trash receptacle. 799023.0 261925.0 862227.0 5
223305.0 $1.37 $0.07 / ea. CVS Health Ultra-Soft Unscented Cleansing Wipes, 20CT 1.0 Left side, half way down Health Essentials Children's 7.5 in x 7.75 in. Fragrance free. Hypoallergenic. Alcohol free. With aloe & vitamin E. Resealable travel pack. Plus texture for superior cleaning & strength. CVS/pharmacy Ultra-soft Cleansing Baby Wipes are made with real cloth containing aloe and vitamin E for the softest skin. The unique plush texture and mild cleansing solution leave your baby clean and refreshed. Wipes dispense easily, so you always have one hand free to hold baby when you're on-the-go. CVS quality. www.cvs.com. Made in the USA. Water, Propylene Glycol, Aloe Barbadensis Leaf Juice, Tocopheryl Acetate, PEG-75 Lanolin, Disodium Cocoamphodiacetate, Polysorbate 20, Citric Acid, Disodium Phosphate, Disodium EDTA, 2-Bromo-2-Nitropropane-1,3-Diol, Iodopropynyl Butylcarbamate. 0 Store at room temperature. Keep label tightly closed when not in use. Dispose of used wipes in trash receptacle. Do not flush. Peel back label slowly. Pull out wipes as needed and reseal label. Dispose of used wipes in trash receptacle. 799023.0 261925.0 862227.0 0
230995.0 $3.49 $0.05 / ea. CVS Health Antacid Tablets Assorted Fruit, 72CT 1.0 Right side, front of store Health Essentials Stomach, Heartburn, Gas Antacid, Calcium Supplement. Naturally and artificially flavored. Calcium. CVS pharmacist recommended. Compare to the active ingredient in Tums Ultra (This product is not manufactured or distributed by GlaxoSmithKline or distributor of Tums EX). Active Ingredient (in Each Tablet): Calcium Carbonate (1000 mg). Inactive Ingredients: Adipic Acid, Blue 1, Corn Starch, Crospovidone, Dextrose, Flavors, Magnesium Stearate, Maltodextrin, Red 27, Red 30, Sucrose, Talc, Yellow 6, Yellow 10. Ask a doctor of pharmacist before use if you are taking a prescription drug. Antacids may interact with certain prescription drugs. When using this product do not take more than 8 tablets in a 24-hour period, or use the maximum dosage of hits product for more than 2 weeks, except under the advice and supervision of a doctor. Keep out of reach of children. Chew 2-4 tablets as symptoms occur, or as directed by a doctor. Do not use if printed seal under cap is torn or missing. Store at room temperature. Calcium Supplement: Chew 2 tablets twice daily. 917529.0 422000.0 432279.0 2
230995.0 $4.99 $0.07 / ea. CVS Health Antacid Tablets Assorted Fruit, 72CT 1.0 Right side, front of store Health Essentials Stomach, Heartburn, Gas Antacid, Calcium Supplement. Naturally and artificially flavored. Calcium. CVS pharmacist recommended. Compare to the active ingredient in Tums Ultra (This product is not manufactured or distributed by GlaxoSmithKline or distributor of Tums EX). Active Ingredient (in Each Tablet): Calcium Carbonate (1000 mg). Inactive Ingredients: Adipic Acid, Blue 1, Corn Starch, Crospovidone, Dextrose, Flavors, Magnesium Stearate, Maltodextrin, Red 27, Red 30, Sucrose, Talc, Yellow 6, Yellow 10. Ask a doctor of pharmacist before use if you are taking a prescription drug. Antacids may interact with certain prescription drugs. When using this product do not take more than 8 tablets in a 24-hour period, or use the maximum dosage of hits product for more than 2 weeks, except under the advice and supervision of a doctor. Keep out of reach of children. Chew 2-4 tablets as symptoms occur, or as directed by a doctor. Do not use if printed seal under cap is torn or missing. Store at room temperature. Calcium Supplement: Chew 2 tablets twice daily. 917529.0 422000.0 432279.0 3
230995.0 $4.79 $0.07 / ea. CVS Health Antacid Tablets Assorted Fruit, 72CT 1.0 Left side, back of store Health Essentials Stomach, Heartburn, Gas Antacid, Calcium Supplement. Naturally and artificially flavored. Calcium. CVS pharmacist recommended. Compare to the active ingredient in Tums Ultra (This product is not manufactured or distributed by GlaxoSmithKline or distributor of Tums EX). Active Ingredient (in Each Tablet): Calcium Carbonate (1000 mg). Inactive Ingredients: Adipic Acid, Blue 1, Corn Starch, Crospovidone, Dextrose, Flavors, Magnesium Stearate, Maltodextrin, Red 27, Red 30, Sucrose, Talc, Yellow 6, Yellow 10. Ask a doctor of pharmacist before use if you are taking a prescription drug. Antacids may interact with certain prescription drugs. When using this product do not take more than 8 tablets in a 24-hour period, or use the maximum dosage of hits product for more than 2 weeks, except under the advice and supervision of a doctor. Keep out of reach of children. Chew 2-4 tablets as symptoms occur, or as directed by a doctor. Do not use if printed seal under cap is torn or missing. Store at room temperature. Calcium Supplement: Chew 2 tablets twice daily. 917529.0 422000.0 432279.0 8
232569.0 $3.49 $0.15 / ea. CVS Health Extra Strength Headache Relief Tablets, 24CT 1.0 Right side, front of store Health Essentials Pain Relief For the temporary relief of pain of: headaches, colds, sinusitis, menstrual pain, muscular aches, toothache, minor arthritic pain. Per Tablet: Acetaminophen 250 mg; Aspirin 250 mg; Caffeine 65 mg Reye's syndrome: Children and teenagers should not use this medicine for chicken pox or flu symptoms before a doctor is consulted about Reye's syndrome, a rare but serious illness reported to be associated with aspirin. Do not use with any other products containing acetaminophen. Do not take this product: for pain for more than 10 days; for fever for more than 3 days; if you are allergic to aspirin. Ask a doctor before use if you have: asthma; stomach problems that persist or recur; ulcers; bleeding problems; if you are taking a prescription drug for anticoagulation (thinning of blood), diabetes, gout, or arthritis. Stop use and ask a doctor if: new symptoms occur; ringing in the ears or loss of hearing occurs; pain or fever persists or gets worse; redness or swelling is present. If pregnant or breast-feeding, ask a health professional before use. IT IS ESPECIALLY IMPORTANT NOT TO USE ASPIRIN DURING THE LAST 3 MONTHS OF PREGNANCY UNLESS SPECIFICALLY DIRECTED TO DO SO BY A DOCTOR BECAUSE IT MAY CAUSE PROBLEMS IN THE UNBORN CHILD OR COMPLICATIONS DURING DELIVERY. Keep out of the reach of children. In case of accidental overdose, get medical help or contact a Poison Control Center right away. Alcohol Warning: If you consume 3 or more alcoholic drinks every day, ask your doctor whether you should take aspirin or other pain relievers/fever reducers. Aspirin may cause stomach bleeding. Caffeine Warning: The recommended dose of this product contains about as much caffeine as a cup of coffee. Limit the use of caffeine-containing medications, foods, or beverages while taking this product because too much caffeine may cause nervousness, irritability, sleeplessness, and occasionally, rapid heartbeat. Do not exceed 8 tablets in 24 hours. Adults and children 12 years of age and older: 2 tablets with water. Dosage may be repeated every 6 hours as needed. Children under 12 years of age: consult a doctor. 917529.0 358135.0 475817.0 1
232569.0 $4.99 $0.21 / ea. CVS Health Extra Strength Headache Relief Tablets, 24CT 1.0 Right side, back of store Health Essentials Pain Relief For the temporary relief of pain of: headaches, colds, sinusitis, menstrual pain, muscular aches, toothache, minor arthritic pain. Per Tablet: Acetaminophen 250 mg; Aspirin 250 mg; Caffeine 65 mg Reye's syndrome: Children and teenagers should not use this medicine for chicken pox or flu symptoms before a doctor is consulted about Reye's syndrome, a rare but serious illness reported to be associated with aspirin. Do not use with any other products containing acetaminophen. Do not take this product: for pain for more than 10 days; for fever for more than 3 days; if you are allergic to aspirin. Ask a doctor before use if you have: asthma; stomach problems that persist or recur; ulcers; bleeding problems; if you are taking a prescription drug for anticoagulation (thinning of blood), diabetes, gout, or arthritis. Stop use and ask a doctor if: new symptoms occur; ringing in the ears or loss of hearing occurs; pain or fever persists or gets worse; redness or swelling is present. If pregnant or breast-feeding, ask a health professional before use. IT IS ESPECIALLY IMPORTANT NOT TO USE ASPIRIN DURING THE LAST 3 MONTHS OF PREGNANCY UNLESS SPECIFICALLY DIRECTED TO DO SO BY A DOCTOR BECAUSE IT MAY CAUSE PROBLEMS IN THE UNBORN CHILD OR COMPLICATIONS DURING DELIVERY. Keep out of the reach of children. In case of accidental overdose, get medical help or contact a Poison Control Center right away. Alcohol Warning: If you consume 3 or more alcoholic drinks every day, ask your doctor whether you should take aspirin or other pain relievers/fever reducers. Aspirin may cause stomach bleeding. Caffeine Warning: The recommended dose of this product contains about as much caffeine as a cup of coffee. Limit the use of caffeine-containing medications, foods, or beverages while taking this product because too much caffeine may cause nervousness, irritability, sleeplessness, and occasionally, rapid heartbeat. Do not exceed 8 tablets in 24 hours. Adults and children 12 years of age and older: 2 tablets with water. Dosage may be repeated every 6 hours as needed. Children under 12 years of age: consult a doctor. 917529.0 358135.0 475817.0 3
235584.0 $1.29 $0.26 / oz. Gold Emblem Peanut Butter Filled Pretzels, 5 OZ 3.0 Left side, half way down Food & Beverage Gold Emblem peanut butter filled pretzel nuggets combine pretzels and peanut butter to make an unforgettable taste combination. Ingredients: Enriched wheat flour (wheat flour niacin reduced iron thiamin mononitrate riboflavin folic acid), peanut butter (peanuts sugar mono- and diglycerides salt), salt, less than 2% of: vegetable oil (canola oil and/or soybean oil) , less than 2% of: corn syrup, less than 2% of: barley malt extract, less than 2% of: caramel color, less than 2% of: leavening (contains one or more of: yeast sodium bicarbonate ammonium bicarbonate), contains: wheat, contains: peanuts.Nutrition FactsServing Size: 10 PretzelsServings Per Container: 4.5NutrientAmount per Serving% Daily ValueCalories150 Calories From Fat60 Total Fat7g11%Saturated Fat1.5g8%Trans Fat0g Polyunsaturated Fat2g Monounsaturated Fat3g Cholesterol0mg0%Sodium330mg14%Potassium110g3%Total Carbohdrates15g5%Dietary Fiber2g8%Sugars2g Protein5g Vitamin A 0%Vitamin C 0%Calcium 0%Iron 4% 0 0 917529.0 443504.0 999855.0 3
235584.0 $1.87 $0.37 / oz. Gold Emblem Peanut Butter Filled Pretzels, 5 OZ 3.0 Right side, back of store Food & Beverage Gold Emblem peanut butter filled pretzel nuggets combine pretzels and peanut butter to make an unforgettable taste combination. Ingredients: Enriched wheat flour (wheat flour niacin reduced iron thiamin mononitrate riboflavin folic acid), peanut butter (peanuts sugar mono- and diglycerides salt), salt, less than 2% of: vegetable oil (canola oil and/or soybean oil) , less than 2% of: corn syrup, less than 2% of: barley malt extract, less than 2% of: caramel color, less than 2% of: leavening (contains one or more of: yeast sodium bicarbonate ammonium bicarbonate), contains: wheat, contains: peanuts.Nutrition FactsServing Size: 10 PretzelsServings Per Container: 4.5NutrientAmount per Serving% Daily ValueCalories150 Calories From Fat60 Total Fat7g11%Saturated Fat1.5g8%Trans Fat0g Polyunsaturated Fat2g Monounsaturated Fat3g Cholesterol0mg0%Sodium330mg14%Potassium110g3%Total Carbohdrates15g5%Dietary Fiber2g8%Sugars2g Protein5g Vitamin A 0%Vitamin C 0%Calcium 0%Iron 4% 0 0 917529.0 443504.0 999855.0 3
235584.0 $1.77 $0.35 / oz. Gold Emblem Peanut Butter Filled Pretzels, 5 OZ 3.0 Right side, back of store Food & Beverage Gold Emblem peanut butter filled pretzel nuggets combine pretzels and peanut butter to make an unforgettable taste combination. Ingredients: Enriched wheat flour (wheat flour niacin reduced iron thiamin mononitrate riboflavin folic acid), peanut butter (peanuts sugar mono- and diglycerides salt), salt, less than 2% of: vegetable oil (canola oil and/or soybean oil) , less than 2% of: corn syrup, less than 2% of: barley malt extract, less than 2% of: caramel color, less than 2% of: leavening (contains one or more of: yeast sodium bicarbonate ammonium bicarbonate), contains: wheat, contains: peanuts.Nutrition FactsServing Size: 10 PretzelsServings Per Container: 4.5NutrientAmount per Serving% Daily ValueCalories150 Calories From Fat60 Total Fat7g11%Saturated Fat1.5g8%Trans Fat0g Polyunsaturated Fat2g Monounsaturated Fat3g Cholesterol0mg0%Sodium330mg14%Potassium110g3%Total Carbohdrates15g5%Dietary Fiber2g8%Sugars2g Protein5g Vitamin A 0%Vitamin C 0%Calcium 0%Iron 4% 0 0 917529.0 443504.0 999855.0 7
238246.0 $12.99 $38.21 / oz. CVS Health Fluticasone Nasal Spray 60 Metered Sprays 1.0 Left side, front of store Health Essentials Allergy Relief 50mcg per spray (glucocorticoid). Allergy symptom reliever nasal spray.Full prescription strengthNon-drowsy60 Metered sprays24-Hour relief of allergy symptoms:Nasal congestionRunny noseItchy noseSneezingWhat problems can fluticasone propionate nasal spray, USP help with?Fluticasone propionate nasal spray, USP helps relieve a broad range of uncomfortable symptoms like congestion. Fluticasone propionate nasal spray, USP works right in your nose to help block your allergic reaction at the source to relieve the symptoms that make you uncomfortable.Nasal symptoms: These symptoms can be triggered by allergens like pollen, mold, dust or pet dander.Outdoor allergensAnimal allergensIndoor allergensUses: Temporarily relieves these symptoms of hay fever or other upper respiratory allergies.Made in Canada. Ingredients: 0.02% w/w Benzalkonium Chloride, Dextrose, Microcrystalline Cellulose and Carboxymethylcellulose Sodium, 0.25% w/w Phenylethyl Alcohol, Polysorbate 80, Purified Water. Tamper-evident: Do not use if carton is opened, torn or broken or if the seal around the product labeled "sealed for your protection" is broken or missing.Warnings:Only for use in the nose. Do not spray into your eyes or mouth.Do not use:In children under 4 years of ageTo treat asthmaIf you have an injury or surgery to your nose that is not fully healedIf you have ever had an allergic reaction to this product or any of the ingredientsAsk a doctor before use if you have or had glaucoma or cataracts.Ask a doctor or pharmacist before use if you are taking:Medicine for HIV infection (such as ritonavir)A steroid medicine for asthma, allergies or skin rashKetoconazole pills (medicine for fungal infection)When using this product:The growth rate of some children may be slowerStinging or sneezing may occur for a few seconds right after useDo not share this bottle with anyone else as this may spread germsRemember to tell your doctor about all the medicines you take, including this oneStop use and ask a doctor if:You have, or come into contact with someone who has, chicken pox, measles or tuberculosisYour symptoms do not get better within 7 days of starting use or you get new symptoms such as severe facial pain or thick nasal discharge. You may have something more than allergies, such as an infectionYou get a constant whistling sound from your nose. This may be a sign of damage inside your noseYou get an allergic reaction to this product. Seek medical help right awayYou get new changes to your vision that develop after starting this productYou have severe or frequent nosebleedsIf pregnant or breast-feeding, ask a health professional before use. Keep out of reach of children. In case of overdose, get medical help or contact a Poison Control Center right away.Other information:You may start to feel relief the first day and full effect after several days of regular, once-a-day useStore between 4 deg and 30 deg C (39 deg and 86 deg F)Keep this label and enclosed materials. They contain important additional information Read the quick start guide for how to:Prime the bottleUse the sprayClean the spray nozzleShake gently before each useUse this product only once a dayDo not use more than directedAdults and children 12 years of age and older:Week 1 - Use 2 sprays in each nostril once dailyWeek 2 through 6 months - Use 1 or 2 sprays in each nostril once daily, as needed to treat your symptomsAfter 6 months of daily use - Ask your doctor if you can keep usingChildren 4 to 1 years of age:The growth rate of some children may be slower while using this productChildren should use for the shortest amount of time necessary to achieve symptom reliefTalk to your child's doctor if your child needs to use the spray for longer than 2 months a yearAn adult should supervise useUse 1 spray in each nostril once dailyChildren under 4 years of age:Do not use 277760.0 444238.0 645036.0 0
238246.0 $9.19 $27.03 / oz. CVS Health Fluticasone Nasal Spray 60 Metered Sprays 1.0 Right side, back of store Health Essentials Allergy Relief 50mcg per spray (glucocorticoid). Allergy symptom reliever nasal spray.Full prescription strengthNon-drowsy60 Metered sprays24-Hour relief of allergy symptoms:Nasal congestionRunny noseItchy noseSneezingWhat problems can fluticasone propionate nasal spray, USP help with?Fluticasone propionate nasal spray, USP helps relieve a broad range of uncomfortable symptoms like congestion. Fluticasone propionate nasal spray, USP works right in your nose to help block your allergic reaction at the source to relieve the symptoms that make you uncomfortable.Nasal symptoms: These symptoms can be triggered by allergens like pollen, mold, dust or pet dander.Outdoor allergensAnimal allergensIndoor allergensUses: Temporarily relieves these symptoms of hay fever or other upper respiratory allergies.Made in Canada. Ingredients: 0.02% w/w Benzalkonium Chloride, Dextrose, Microcrystalline Cellulose and Carboxymethylcellulose Sodium, 0.25% w/w Phenylethyl Alcohol, Polysorbate 80, Purified Water. Tamper-evident: Do not use if carton is opened, torn or broken or if the seal around the product labeled "sealed for your protection" is broken or missing.Warnings:Only for use in the nose. Do not spray into your eyes or mouth.Do not use:In children under 4 years of ageTo treat asthmaIf you have an injury or surgery to your nose that is not fully healedIf you have ever had an allergic reaction to this product or any of the ingredientsAsk a doctor before use if you have or had glaucoma or cataracts.Ask a doctor or pharmacist before use if you are taking:Medicine for HIV infection (such as ritonavir)A steroid medicine for asthma, allergies or skin rashKetoconazole pills (medicine for fungal infection)When using this product:The growth rate of some children may be slowerStinging or sneezing may occur for a few seconds right after useDo not share this bottle with anyone else as this may spread germsRemember to tell your doctor about all the medicines you take, including this oneStop use and ask a doctor if:You have, or come into contact with someone who has, chicken pox, measles or tuberculosisYour symptoms do not get better within 7 days of starting use or you get new symptoms such as severe facial pain or thick nasal discharge. You may have something more than allergies, such as an infectionYou get a constant whistling sound from your nose. This may be a sign of damage inside your noseYou get an allergic reaction to this product. Seek medical help right awayYou get new changes to your vision that develop after starting this productYou have severe or frequent nosebleedsIf pregnant or breast-feeding, ask a health professional before use. Keep out of reach of children. In case of overdose, get medical help or contact a Poison Control Center right away.Other information:You may start to feel relief the first day and full effect after several days of regular, once-a-day useStore between 4 deg and 30 deg C (39 deg and 86 deg F)Keep this label and enclosed materials. They contain important additional information Read the quick start guide for how to:Prime the bottleUse the sprayClean the spray nozzleShake gently before each useUse this product only once a dayDo not use more than directedAdults and children 12 years of age and older:Week 1 - Use 2 sprays in each nostril once dailyWeek 2 through 6 months - Use 1 or 2 sprays in each nostril once daily, as needed to treat your symptomsAfter 6 months of daily use - Ask your doctor if you can keep usingChildren 4 to 1 years of age:The growth rate of some children may be slower while using this productChildren should use for the shortest amount of time necessary to achieve symptom reliefTalk to your child's doctor if your child needs to use the spray for longer than 2 months a yearAn adult should supervise useUse 1 spray in each nostril once dailyChildren under 4 years of age:Do not use 277760.0 444238.0 645036.0 1
251590.0 $2.69 $0.13 / ea. CVS Health Premoistened Lens Wipes 1.0 Left side, front of store Health Essentials Eye Care Eyeglasses, sunglasses, ski and other goggles, mobile phone displays, TV/computer screens (excluding liquid crystal screens), wrist watch glass. Just wipe and let dry for a streak-free shine. No need for re-wiping with a dry cloth. Non-scratching, quick dThis item is FSA (Flexible Spending Account) eligible. Isopropyl Alcohol; Water; Fragrance For external use only. Keep out of reach of children. Do not use on eyes. Not for use with contact lenses or liquid crystal screens. Do not use on frames made of tortoise shell or gems. Do not use if rash or skin irritation is present. Do not use on lenses with scratched or damaged surfaces or with peeling or flaking coating. Flammable; keep away from open flame. 1. Open pack and remove wipe. 2. Unfold wipe and gently wipe to remove surface dust and grease. If sand or iron powder is on the lenses, first rinse the lenses with water. 3. Lenses dry instantly for a streak-free shine. 917529.0 235584.0 999855.0 9
251590.0 $3.89 $0.19 / ea. CVS Health Premoistened Lens Wipes 1.0 Left side, front of store Health Essentials Eye Care Eyeglasses, sunglasses, ski and other goggles, mobile phone displays, TV/computer screens (excluding liquid crystal screens), wrist watch glass. Just wipe and let dry for a streak-free shine. No need for re-wiping with a dry cloth. Non-scratching, quick dThis item is FSA (Flexible Spending Account) eligible. Isopropyl Alcohol; Water; Fragrance For external use only. Keep out of reach of children. Do not use on eyes. Not for use with contact lenses or liquid crystal screens. Do not use on frames made of tortoise shell or gems. Do not use if rash or skin irritation is present. Do not use on lenses with scratched or damaged surfaces or with peeling or flaking coating. Flammable; keep away from open flame. 1. Open pack and remove wipe. 2. Unfold wipe and gently wipe to remove surface dust and grease. If sand or iron powder is on the lenses, first rinse the lenses with water. 3. Lenses dry instantly for a streak-free shine. 917529.0 235584.0 999855.0 9
254951.0 $12.79 $0.64 / ea. Mucinex 12-Hr Chest Congestion Expectorant Tablets 20CT 1.0 Left side, half way down Health Essentials Cough & Cold Helps loosen phlegm (mucus) and thin bronchial passageways of bothersome mucus and make coughs more productive.Temporarily relieves nasal congestion due to: Common cold, hay fever and upper respiratory allergies.Temporarily restores freer breathing through the nose.Promotes nasal and/or sinus drainage.Temporarily relieves sinus congestion and pressure.Other information: Tamper evident: Do not use if carton is open or if printed seal on blister is broken or missing.Store at 68 to 77° F (20 to 25° C).Misc: 600mg guaifenesin and 60mg pseudoephedrine HCl.Extended-release bi-layer tablets.Clears nasal/sinus congestion.Thins and loosens mucus.Unique bi-layer tablet.Immediate-release layer.Extended-release layer.Made in England. Active Ingredients: In each extended release bilayer tablet: Guaifenesin (600mg). Inactive Ingredients: Carbomer Homopolymer Type B, FD&C Blue 1 Aluminum Lake, Hypromellose USP, Magnesium Stearate NF, Microcrystalline Cellulose NF, Sodium Starch Glycolate NF. Do not use: For children under 12 years of age; if you are now taking a prescription monoamine oxidase inhibitor (MAOI) (certain drugs for depression, psychiatric or emotional conditions, or Parkinson's disease), or for 2 weeks after stopping the MAOI drug (If you do not know if your prescription drug contains an MAOI, ask a doctor or pharmacist before taking this product). Ask a doctor before use if you have persistent or chronic cough such as occurs with smoking, asthma, chronic bronchitis, or emphysema; cough accompanied by too much phlegm (mucus). When using this product do not use more than directed. Stop use and ask a doctor if cough lasts more than 7 days, comes back, or occurs with fever, rash, or persistent headache. (These could be signs of a serious illness). If pregnant or breast feeding, ask a health professional before use. Keep out of reach of children. In case of overdose, get medical help or contact a poison control center right away. Tamper Evident: Do not use if carton is open or if printed seal on blister is broken or missing. Do not crush, chew, or break tablet. Take with a full glass of water. This product can be administered without regard to the timing of meals. Adults and children 12 years of age and over: 1 to 2 tablets every 12 hours. Do not exceed 4 tablets in 24 hours. 297885.0 917529.0 645036.0 0
254951.0 $15.99 $0.80 / ea. Mucinex 12-Hr Chest Congestion Expectorant Tablets 20CT 1.0 Left side, front of store Health Essentials Cough & Cold Helps loosen phlegm (mucus) and thin bronchial passageways of bothersome mucus and make coughs more productive.Temporarily relieves nasal congestion due to: Common cold, hay fever and upper respiratory allergies.Temporarily restores freer breathing through the nose.Promotes nasal and/or sinus drainage.Temporarily relieves sinus congestion and pressure.Other information: Tamper evident: Do not use if carton is open or if printed seal on blister is broken or missing.Store at 68 to 77° F (20 to 25° C).Misc: 600mg guaifenesin and 60mg pseudoephedrine HCl.Extended-release bi-layer tablets.Clears nasal/sinus congestion.Thins and loosens mucus.Unique bi-layer tablet.Immediate-release layer.Extended-release layer.Made in England. Active Ingredients: In each extended release bilayer tablet: Guaifenesin (600mg). Inactive Ingredients: Carbomer Homopolymer Type B, FD&C Blue 1 Aluminum Lake, Hypromellose USP, Magnesium Stearate NF, Microcrystalline Cellulose NF, Sodium Starch Glycolate NF. Do not use: For children under 12 years of age; if you are now taking a prescription monoamine oxidase inhibitor (MAOI) (certain drugs for depression, psychiatric or emotional conditions, or Parkinson's disease), or for 2 weeks after stopping the MAOI drug (If you do not know if your prescription drug contains an MAOI, ask a doctor or pharmacist before taking this product). Ask a doctor before use if you have persistent or chronic cough such as occurs with smoking, asthma, chronic bronchitis, or emphysema; cough accompanied by too much phlegm (mucus). When using this product do not use more than directed. Stop use and ask a doctor if cough lasts more than 7 days, comes back, or occurs with fever, rash, or persistent headache. (These could be signs of a serious illness). If pregnant or breast feeding, ask a health professional before use. Keep out of reach of children. In case of overdose, get medical help or contact a poison control center right away. Tamper Evident: Do not use if carton is open or if printed seal on blister is broken or missing. Do not crush, chew, or break tablet. Take with a full glass of water. This product can be administered without regard to the timing of meals. Adults and children 12 years of age and over: 1 to 2 tablets every 12 hours. Do not exceed 4 tablets in 24 hours. 297885.0 917529.0 645036.0 10
255042.0 $8.59 $0.09 / ea. CVS Health Daily Multiple Tablets For Women 1.0 Left side, front of store Health Essentials Vitamins MULTIVITAMIN WITH IRON and 500 MG of CALCIUM PLUS ZINC & FOLIC ACIDHealth GoalsThis formula contains essential nutrients for women that support bone health, energy metabolism, immune system and heart health.* Suggested Use For adult women, take one (1) tablet daily, preferably with a meal. As a reminder, discuss the supplements and medications you take with your health care providers.Disclaimer: Not intended for use by pregnant or nursing women. If you are taking any medications, planning any medical procedure or have any medical condition, consult your doctor before use. Discontinue use and consult your doctor if any adverse reactions occur. Other Ingredients: Cellulose (Plant Origin). Contains Less than 2% of: Cellulose Coating, Croscarmellose, Crospovidone, Dicalcium Phosphate, FD&C Blue 2 Lake, FD&C Yellow 5 Lake, FD&C Yellow 6 Lake, Gelatin (Bovine, Porcine), Silica, Starch, Titanium Dioxide Color, Vegetable Magnesium Stearate. Contains fish (cod, pollock, haddock, hake, cusk, redfish, sole, flounder) ingredients. Not intended for use by pregnant or nursing women. If you are taking any medications, planning any medical procedure or have any medical condition, consult your doctor before use. Discontinue use and consult your doctor if any adverse reactions occur. Accidental overdose of iron-containing products is a leading cause of fatal poisoning in children under six. Keep this product out of reach of children. In case of accidental overdose, call a doctor or Poison Control Center immediately. Store at room temperature and avoid excessive heat. Tamper Resistant: Do not use if seal under cap is broken or missing. For adult women, take one (1) tablet daily, preferably with a meal. As a reminder, discuss the supplements and medications you take with your health care providers. 711999.0 320711.0 857242.0 4
259349.0 $4.09 $2.05 / ea. CVS Health Heatwraps Back & Hip, Large/X-Large 1.0 Right side, front of store Health Essentials Pain Relief 2 Heat Treatments: 4 heating pads; 1 reusable fabric wrap. Air-activated. One-time use. Powerful pain relief. Plus deep muscle relaxation. Odorless. Ultra-thin. 8 hours of relief. CVS pharmacist recommended. Air Activated: Just open pouch, starts to warm on its own. 8 Hours of Pain Relieving Heat: long-lasting relief. Ultra-thin, comfortable, discreet, odorless. Relaxes Tight Muscles: reduces pain with natural heat. Choose the Right Size CVS Back Wrap for You: L/XL size 9 up to size 20 woman's pant size; 35 to 47 inches men's pant size.This item is FSA (Flexible Spending Account) eligible. 0 Do not use if your doctor does not recommend its use for you or your condition; if the heat pad material is damaged or torn; with medicated lotions, creams or ointments; on broken or sensitive skin; on areas of bruising or swelling that have occurred within 48 hours; if you are not capable of applying and removing the wrap by yourself; on infants and some elderly; on children 12 and under; on areas of the body where heat cannot be felt; if you are bedridden or prone to skin ulcers; with other forms of therapeutic heat, including electric heating. Ask a doctor before use if you are pregnant, or have diabetes, poor blood circulation or heart disease, rheumatoid arthritis. When using this product it is normal to experience slight skin redness after removing the wrap. If your skin is still red after a few hours, stop using Heatwraps until the redness goes away completely. Be careful and periodically check your skin. Stop use if the pad feels too hot or uncomfortable. Stop use and ask a doctor if pain continues for 7 days or if you have swelling, rash or excessive redness. Do not microwave. For external use only. Keep out of reach of children. This product has the potential to cause skin irritation or burns. Do not use Heatwraps in the same location for more than 8 hours in any 24 hour period. If you are 55 years of age or older wear the wrap over a layer of clothing and not directly against your skin. The heat pads contain iron which can be harmful if ingested. If swallowed, rinse mouth with water and call a Poison Control Center right away. If heat pad contents come in contact with your skin or eyes, rinse right away with water. To avoid the risk of fire, do not microwave or reheat this product. Please read all instructions and warnings before use. To reduce the risk of burns, fire and personal injury, this product must be used in accordance with the warnings and use instructions. Open the plastic wrapper when ready to use. Insert one heat pad into each of the two pockets of the wrap. Do not insert more than one pad per pocket. Make sure side of heat pad labeled - this side toward body is facing your skin. Position the pockets with the heat pads over the desired spot. Stretch the wrap around your body and secure it for a custom fit. It may take up to 30 minutes for the wrap to reach maximum temperature. 276878.0 291856.0 306397.0 7
259349.0 $5.79 $2.90 / ea. CVS Health Heatwraps Back & Hip, Large/X-Large 1.0 Right side, front of store Health Essentials Pain Relief 2 Heat Treatments: 4 heating pads; 1 reusable fabric wrap. Air-activated. One-time use. Powerful pain relief. Plus deep muscle relaxation. Odorless. Ultra-thin. 8 hours of relief. CVS pharmacist recommended. Air Activated: Just open pouch, starts to warm on its own. 8 Hours of Pain Relieving Heat: long-lasting relief. Ultra-thin, comfortable, discreet, odorless. Relaxes Tight Muscles: reduces pain with natural heat. Choose the Right Size CVS Back Wrap for You: L/XL size 9 up to size 20 woman's pant size; 35 to 47 inches men's pant size.This item is FSA (Flexible Spending Account) eligible. 0 Do not use if your doctor does not recommend its use for you or your condition; if the heat pad material is damaged or torn; with medicated lotions, creams or ointments; on broken or sensitive skin; on areas of bruising or swelling that have occurred within 48 hours; if you are not capable of applying and removing the wrap by yourself; on infants and some elderly; on children 12 and under; on areas of the body where heat cannot be felt; if you are bedridden or prone to skin ulcers; with other forms of therapeutic heat, including electric heating. Ask a doctor before use if you are pregnant, or have diabetes, poor blood circulation or heart disease, rheumatoid arthritis. When using this product it is normal to experience slight skin redness after removing the wrap. If your skin is still red after a few hours, stop using Heatwraps until the redness goes away completely. Be careful and periodically check your skin. Stop use if the pad feels too hot or uncomfortable. Stop use and ask a doctor if pain continues for 7 days or if you have swelling, rash or excessive redness. Do not microwave. For external use only. Keep out of reach of children. This product has the potential to cause skin irritation or burns. Do not use Heatwraps in the same location for more than 8 hours in any 24 hour period. If you are 55 years of age or older wear the wrap over a layer of clothing and not directly against your skin. The heat pads contain iron which can be harmful if ingested. If swallowed, rinse mouth with water and call a Poison Control Center right away. If heat pad contents come in contact with your skin or eyes, rinse right away with water. To avoid the risk of fire, do not microwave or reheat this product. Please read all instructions and warnings before use. To reduce the risk of burns, fire and personal injury, this product must be used in accordance with the warnings and use instructions. Open the plastic wrapper when ready to use. Insert one heat pad into each of the two pockets of the wrap. Do not insert more than one pad per pocket. Make sure side of heat pad labeled - this side toward body is facing your skin. Position the pockets with the heat pads over the desired spot. Stretch the wrap around your body and secure it for a custom fit. It may take up to 30 minutes for the wrap to reach maximum temperature. 276878.0 291856.0 306397.0 3
261925.0 $6.99 $1.75 / oz. CVS Health Children's Ibuprofen Oral Suspen, Berry 4oz 1.0 Left side, half way down Health Essentials Children's Ibuprofen oral suspension USP (NSAID) (nonsteroidal anti-inflammatory drug). 100 mg per 5 ml (teaspoon). For ages 2 to 11. Pain reliever. Fever reducer. Lasts up to 8 hours. CVS pharmacist recommended. Alcohol-free. Compare to the active ingredient in Children's Motrin (This product is not affiliated with, manufactured by, or produced by the makers or owners of Motrin). Active Ingredient (in Each 5 ml = 1 Teaspoon): Ibuprofen (100 mg) (NSAID) (Nonsteroidal Anti-Inflammatory Drug). Inactive Ingredients: Citric Acid, D&C Yellow 10, FD&C Red 40, Flavors, Glycerin, Hypromellose, Polysorbate-80, Purified Water, Sodium Benzoate, Sucrose, Xanthan Gum. Allergy Alert: Ibuprofen may cause a severe allergic reaction, especially in people allergic to aspirin. Symptoms may include: hives; shock; asthma (wheezing); rash; skin reddening; blisters; facial swelling. If an allergic reaction occurs, stop use and seek medical help right away. Stomach Bleeding Warning: This product contains a nonsteroidal anti-inflammatory drug (NSAID), which may cause severe stomach bleeding. The chances are higher if your child: has had stomach ulcers or bleeding problems; takes a blood thinning (anticoagulant) or steroid drug; takes other drugs containing prescription or nonprescription NSAIDs (aspirin, ibuprofen, naproxen, or others); takes more or for a longer time than directed. Sore Throat Warning: Severe or persistent sore throat or sore throat accompanied by high fever, headache, nausea, and vomiting may be serious. Consult doctor promptly. Do not use more than 2 days or administer to children under 3 years of age unless directed by doctor. Do not use: if the child has ever had an allergic reaction to any other pain reliever/fever reducer; right before or after heart surgery. Ask a doctor before use if: stomach bleeding warning applies to your child; child has a history of stomach problems, such as heartburn; child has not been drinking fluids; child has lost a lot of fluid due to vomiting or diarrhea; child has high blood pressure, heart disease, liver cirrhosis, or kidney disease; child is taking a diuretic. Ask a doctor or pharmacist before use if the child is: under a doctor's care for any serious condition; taking any other drug. When using this product: take with food or milk if stomach upset occurs; the risk of heart attack or stroke may increase if you use more than directed or for longer than directed. Stop use and ask a doctor if: child experiences any of the following signs of stomach bleeding feels faint, vomits blood, has bloody or black stools, has stomach pain that does not get better; the child does not get any relief within the first day (24 hours) of treatment; fever or pain gets worse or lasts more than 3 days; redness or swelling is present in the painful area; any new symptoms appear. Keep out of reach of children. In case of overdose, get medical help or contact a Poison Control Center right away. (1 -800-222-1222). Do not use if printed neckband is broken or missing. Important: Read all product information before using. Keep this box for important information. This product is intended for use in children. This product does not contain directions or complete warnings for adult use. Do not give more than directed. Shake well before using. Find right dose on chart below. If possible, use weight to dose; otherwise use age. Use only enclosed measuring cup. If needed, repeat dose every 6-8 hours. Do not use more than 4 times a day. Replace original bottle cap to maintain child resistance. Dosing Chart: Under 2 Years: Ask a doctor. 24-35 lb: 2-3 Years: 1 tsp or 5 ml. 36-47 lb: 4-5 Years: 1-1/2 tsp or 7.5 ml. 48-59 lb: 6-8 Years 2 tsp or 10 ml. 60-71 lb: 9-10 Years: 2-1/2 tsp or 12.5 ml. 72-95 lb: 11 Years: 3 tsp or 15 ml. Store between 68 to 77 degrees F (20 to 25 degrees C). 917529.0 193592.0 862227.0 2
261925.0 $5.99 $1.50 / oz. CVS Health Children's Ibuprofen Oral Suspen, Berry 4oz 1.0 Left side, half way down Health Essentials Children's Ibuprofen oral suspension USP (NSAID) (nonsteroidal anti-inflammatory drug). 100 mg per 5 ml (teaspoon). For ages 2 to 11. Pain reliever. Fever reducer. Lasts up to 8 hours. CVS pharmacist recommended. Alcohol-free. Compare to the active ingredient in Children's Motrin (This product is not affiliated with, manufactured by, or produced by the makers or owners of Motrin). Active Ingredient (in Each 5 ml = 1 Teaspoon): Ibuprofen (100 mg) (NSAID) (Nonsteroidal Anti-Inflammatory Drug). Inactive Ingredients: Citric Acid, D&C Yellow 10, FD&C Red 40, Flavors, Glycerin, Hypromellose, Polysorbate-80, Purified Water, Sodium Benzoate, Sucrose, Xanthan Gum. Allergy Alert: Ibuprofen may cause a severe allergic reaction, especially in people allergic to aspirin. Symptoms may include: hives; shock; asthma (wheezing); rash; skin reddening; blisters; facial swelling. If an allergic reaction occurs, stop use and seek medical help right away. Stomach Bleeding Warning: This product contains a nonsteroidal anti-inflammatory drug (NSAID), which may cause severe stomach bleeding. The chances are higher if your child: has had stomach ulcers or bleeding problems; takes a blood thinning (anticoagulant) or steroid drug; takes other drugs containing prescription or nonprescription NSAIDs (aspirin, ibuprofen, naproxen, or others); takes more or for a longer time than directed. Sore Throat Warning: Severe or persistent sore throat or sore throat accompanied by high fever, headache, nausea, and vomiting may be serious. Consult doctor promptly. Do not use more than 2 days or administer to children under 3 years of age unless directed by doctor. Do not use: if the child has ever had an allergic reaction to any other pain reliever/fever reducer; right before or after heart surgery. Ask a doctor before use if: stomach bleeding warning applies to your child; child has a history of stomach problems, such as heartburn; child has not been drinking fluids; child has lost a lot of fluid due to vomiting or diarrhea; child has high blood pressure, heart disease, liver cirrhosis, or kidney disease; child is taking a diuretic. Ask a doctor or pharmacist before use if the child is: under a doctor's care for any serious condition; taking any other drug. When using this product: take with food or milk if stomach upset occurs; the risk of heart attack or stroke may increase if you use more than directed or for longer than directed. Stop use and ask a doctor if: child experiences any of the following signs of stomach bleeding feels faint, vomits blood, has bloody or black stools, has stomach pain that does not get better; the child does not get any relief within the first day (24 hours) of treatment; fever or pain gets worse or lasts more than 3 days; redness or swelling is present in the painful area; any new symptoms appear. Keep out of reach of children. In case of overdose, get medical help or contact a Poison Control Center right away. (1 -800-222-1222). Do not use if printed neckband is broken or missing. Important: Read all product information before using. Keep this box for important information. This product is intended for use in children. This product does not contain directions or complete warnings for adult use. Do not give more than directed. Shake well before using. Find right dose on chart below. If possible, use weight to dose; otherwise use age. Use only enclosed measuring cup. If needed, repeat dose every 6-8 hours. Do not use more than 4 times a day. Replace original bottle cap to maintain child resistance. Dosing Chart: Under 2 Years: Ask a doctor. 24-35 lb: 2-3 Years: 1 tsp or 5 ml. 36-47 lb: 4-5 Years: 1-1/2 tsp or 7.5 ml. 48-59 lb: 6-8 Years 2 tsp or 10 ml. 60-71 lb: 9-10 Years: 2-1/2 tsp or 12.5 ml. 72-95 lb: 11 Years: 3 tsp or 15 ml. Store between 68 to 77 degrees F (20 to 25 degrees C). 917529.0 193592.0 862227.0 7
266403.0 $1.19 $0.04 / ea. CVS Health Honey Lemon Menthol Cough Suppressant, 30CT 1.0 Left side, front of store Health Essentials Cough & Cold Temporarily relieves: cough as may occur with a cold or inhaled irritants. Occasional minor irritation and sore throat. Cools nasal passages. 15 calories per drop. Per Drop: Menthol 8.0 mg Sore throat warning: if sore throat is severe, persists for more than 2 days, is accompanied or followed by fever, headache, rash, swelling, nausea, or vomiting, consult a doctor promptly. These symptoms may be serious. Ask a doctor before use if you have: persistent or chronic cough such as occurs with smoking, asthma, or emphysema; cough accompanied by excessive phlegm (mucus). When using this product: do not exceed recommended dosage. Stop use and consult doctor if: cough persists for more than 7 days, tends to recur, or is accompanied by fever, rash, or persistent headache. These could be signs of a serious condition; sore throat is severe, or irritation, pain or redness lasts or worsens; sore mouth does not improve in 7 days. If pregnant or breast-feeding, ask a health professional before use. Keep this and all drugs out of the reach of children. Adults and children 3 years and over: allow 1 drop to dissolve slowly in mouth. May be repeated every two hours as necessary or as directed by a doctor. Children under 3 years: Ask a doctor. 938778.0 917529.0 645036.0 2
266403.0 $1.77 $0.06 / ea. CVS Health Honey Lemon Menthol Cough Suppressant, 30CT 1.0 Right side, front of store Health Essentials Cough & Cold Temporarily relieves: cough as may occur with a cold or inhaled irritants. Occasional minor irritation and sore throat. Cools nasal passages. 15 calories per drop. Per Drop: Menthol 8.0 mg Sore throat warning: if sore throat is severe, persists for more than 2 days, is accompanied or followed by fever, headache, rash, swelling, nausea, or vomiting, consult a doctor promptly. These symptoms may be serious. Ask a doctor before use if you have: persistent or chronic cough such as occurs with smoking, asthma, or emphysema; cough accompanied by excessive phlegm (mucus). When using this product: do not exceed recommended dosage. Stop use and consult doctor if: cough persists for more than 7 days, tends to recur, or is accompanied by fever, rash, or persistent headache. These could be signs of a serious condition; sore throat is severe, or irritation, pain or redness lasts or worsens; sore mouth does not improve in 7 days. If pregnant or breast-feeding, ask a health professional before use. Keep this and all drugs out of the reach of children. Adults and children 3 years and over: allow 1 drop to dissolve slowly in mouth. May be repeated every two hours as necessary or as directed by a doctor. Children under 3 years: Ask a doctor. 938778.0 917529.0 645036.0 0
266403.0 $1.67 $0.06 / ea. CVS Health Honey Lemon Menthol Cough Suppressant, 30CT 1.0 Right side, back of store Health Essentials Cough & Cold Temporarily relieves: cough as may occur with a cold or inhaled irritants. Occasional minor irritation and sore throat. Cools nasal passages. 15 calories per drop. Per Drop: Menthol 8.0 mg Sore throat warning: if sore throat is severe, persists for more than 2 days, is accompanied or followed by fever, headache, rash, swelling, nausea, or vomiting, consult a doctor promptly. These symptoms may be serious. Ask a doctor before use if you have: persistent or chronic cough such as occurs with smoking, asthma, or emphysema; cough accompanied by excessive phlegm (mucus). When using this product: do not exceed recommended dosage. Stop use and consult doctor if: cough persists for more than 7 days, tends to recur, or is accompanied by fever, rash, or persistent headache. These could be signs of a serious condition; sore throat is severe, or irritation, pain or redness lasts or worsens; sore mouth does not improve in 7 days. If pregnant or breast-feeding, ask a health professional before use. Keep this and all drugs out of the reach of children. Adults and children 3 years and over: allow 1 drop to dissolve slowly in mouth. May be repeated every two hours as necessary or as directed by a doctor. Children under 3 years: Ask a doctor. 938778.0 917529.0 645036.0 0
276878.0 $3.69 $1.85 / ea. CVS Health Instant Cold Pain Relief Pack Value Size 1.0 Right side, half way down Health Essentials Pain Relief Reduces swelling and provides temporary pain relief for sore muscles, aching joints, sprains and insect bites. Squeeze to activate. No refrigeration needed. Contains 2 cold packs.This item is FSA (Flexible Spending Account) eligible. Ammonium Nitrate; Water Failure to follow instructions or warnings could result in serious injuries such as frostbite. Always use towel around pack. Remove cold pack if skin feels too cold or if you feel uncomfortable. Extreme cold can cause frostbite or burns. Use with towel or other insulating material. Do not use for more than 10-15 minutes in the same location. Keep out of reach of children. Supervise children when pack is used on them. Unless prescribed by a physician, cold therapy should not be used by individuals with circulatory problems. If solution contacts eyes, skin or open wounds, flush liberally with water. If solution is swallowed, give one or two glasses of milk or water and induce vomiting. Contact poison control immediately. For external use only. For single use only. See your physician if pain and swelling persists. 1. Locate inner liquid bag; squeeze firmly to rupture. 2. Shake contents briefly to activate. 3. Wrap with a light towel or cloth; then apply to injured area. 358135.0 716887.0 950987.0 4
276878.0 $5.29 $2.65 / ea. CVS Health Instant Cold Pain Relief Pack Value Size 1.0 Right side, back of store Health Essentials Pain Relief Reduces swelling and provides temporary pain relief for sore muscles, aching joints, sprains and insect bites. Squeeze to activate. No refrigeration needed. Contains 2 cold packs.This item is FSA (Flexible Spending Account) eligible. Ammonium Nitrate; Water Failure to follow instructions or warnings could result in serious injuries such as frostbite. Always use towel around pack. Remove cold pack if skin feels too cold or if you feel uncomfortable. Extreme cold can cause frostbite or burns. Use with towel or other insulating material. Do not use for more than 10-15 minutes in the same location. Keep out of reach of children. Supervise children when pack is used on them. Unless prescribed by a physician, cold therapy should not be used by individuals with circulatory problems. If solution contacts eyes, skin or open wounds, flush liberally with water. If solution is swallowed, give one or two glasses of milk or water and induce vomiting. Contact poison control immediately. For external use only. For single use only. See your physician if pain and swelling persists. 1. Locate inner liquid bag; squeeze firmly to rupture. 2. Shake contents briefly to activate. 3. Wrap with a light towel or cloth; then apply to injured area. 358135.0 716887.0 950987.0 5
276878.0 $4.99 $2.50 / ea. CVS Health Instant Cold Pain Relief Pack Value Size 1.0 Left side, half way down Health Essentials Pain Relief Reduces swelling and provides temporary pain relief for sore muscles, aching joints, sprains and insect bites. Squeeze to activate. No refrigeration needed. Contains 2 cold packs.This item is FSA (Flexible Spending Account) eligible. Ammonium Nitrate; Water Failure to follow instructions or warnings could result in serious injuries such as frostbite. Always use towel around pack. Remove cold pack if skin feels too cold or if you feel uncomfortable. Extreme cold can cause frostbite or burns. Use with towel or other insulating material. Do not use for more than 10-15 minutes in the same location. Keep out of reach of children. Supervise children when pack is used on them. Unless prescribed by a physician, cold therapy should not be used by individuals with circulatory problems. If solution contacts eyes, skin or open wounds, flush liberally with water. If solution is swallowed, give one or two glasses of milk or water and induce vomiting. Contact poison control immediately. For external use only. For single use only. See your physician if pain and swelling persists. 1. Locate inner liquid bag; squeeze firmly to rupture. 2. Shake contents briefly to activate. 3. Wrap with a light towel or cloth; then apply to injured area. 358135.0 716887.0 950987.0 5
277760.0 $14.99 $0.75 / ea. CVS Health Loratadine 10 Mg Tablets 1.0 Left side, half way down Health Essentials Allergy Relief Non-Drowsy Allergy Relief Loratadine Tablets, 10mg, 20 Count.Antihistamine.Original Prescription Strength.Compare to the active ingredient in Claritin Tablets.24 Hour relief.For indoor and outdoor allergies.Uses: Temporarily relieves these symptoms due to hay fever or other upper respiratory allergies: Sneezing, runny nose, itchy, watery eyes, itching of the throat or nose.20 Days of relief. Inactive Ingredients: Lactose Monohydrate, Magnesium Stearate, Povidone, Pregelatinized Starch.Drug FactsServing Size: 1 TabletServings Per Container: Active Ingredients NutrientAmount per Serving% Daily ValueLoratadine10mg  Do not use: If you have ever had an allergic reaction to this product or any of its ingredients. Ask a doctor before use if you have liver or kidney disease. Your doctor should determine if you need a different dose. When using this product do not take more than directed. Taking more than directed may cause drowsiness. Stop use and ask a doctor if an allergic reaction to this product occurs. Seek medical help right away. If pregnant or breast-feeding, ask a health professional before use. Keep out of reach of children. In case of overdose, get medical help or contact a Poison Control Center right away. Do not use if blister unit is broken or torn. Directions: Adults and children 6 years and over: 1 Tablet daily; not more than 1 tablet in 24 hours, children under 6 years of age - ask a doctor, consumers with liver or kidney disease - ask a doctor. Other information: Store between 20 to 25C (68 to 77F). Protect from excessive moisture. 238246.0 645036.0 797076.0 6
277760.0 $10.49 $0.52 / ea. CVS Health Loratadine 10 Mg Tablets 1.0 Left side, front of store Health Essentials Allergy Relief Non-Drowsy Allergy Relief Loratadine Tablets, 10mg, 20 Count.Antihistamine.Original Prescription Strength.Compare to the active ingredient in Claritin Tablets.24 Hour relief.For indoor and outdoor allergies.Uses: Temporarily relieves these symptoms due to hay fever or other upper respiratory allergies: Sneezing, runny nose, itchy, watery eyes, itching of the throat or nose.20 Days of relief. Inactive Ingredients: Lactose Monohydrate, Magnesium Stearate, Povidone, Pregelatinized Starch.Drug FactsServing Size: 1 TabletServings Per Container: Active Ingredients NutrientAmount per Serving% Daily ValueLoratadine10mg  Do not use: If you have ever had an allergic reaction to this product or any of its ingredients. Ask a doctor before use if you have liver or kidney disease. Your doctor should determine if you need a different dose. When using this product do not take more than directed. Taking more than directed may cause drowsiness. Stop use and ask a doctor if an allergic reaction to this product occurs. Seek medical help right away. If pregnant or breast-feeding, ask a health professional before use. Keep out of reach of children. In case of overdose, get medical help or contact a Poison Control Center right away. Do not use if blister unit is broken or torn. Directions: Adults and children 6 years and over: 1 Tablet daily; not more than 1 tablet in 24 hours, children under 6 years of age - ask a doctor, consumers with liver or kidney disease - ask a doctor. Other information: Store between 20 to 25C (68 to 77F). Protect from excessive moisture. 238246.0 645036.0 797076.0 8
289058.0 $3.49 $0.87 / ea. CVS Alkaline Batteries AA 4-Pack 5.0 Right side, front of store Home & Office Alkaline batteries that can last up to 6 times longer than regular carbon batteries. Even after 3 years in storage, battery retains up to 90% of power. Date coded package - so you know your batteries are fresh. 0 May explode or leak, and cause burn injury, if recharged, disposed of in fire, mixed with a different battery type, inserted backwards or disassembled. Replace all used batteries at the same time. Do not carry batteries loose in your pocket or purse. 0 708032.0 960863.0 973824.0 4
289058.0 $4.99 $1.25 / ea. CVS Alkaline Batteries AA 4-Pack 5.0 Right side, front of store Home & Office Alkaline batteries that can last up to 6 times longer than regular carbon batteries. Even after 3 years in storage, battery retains up to 90% of power. Date coded package - so you know your batteries are fresh. 0 May explode or leak, and cause burn injury, if recharged, disposed of in fire, mixed with a different battery type, inserted backwards or disassembled. Replace all used batteries at the same time. Do not carry batteries loose in your pocket or purse. 0 708032.0 960863.0 973824.0 1
291856.0 $6.29 $0.06 / ea. CVS Health All Day Pain Relief Naproxen Tablets, 100CT 1.0 Left side, front of store Health Essentials Pain Relief Temporarily relieves minor aches and pains due to: headache, muscular aches, minor pain of arthritis, toothache, backache, common cold, menstrual cramps; temporarily reduces fever. Per Tablet: Naproxen Sodium 220 mg (Naproxen 200 mg) Allergy alert: Naproxen sodium may cause a severe allergic reaction which may include: hives, facial swelling, asthma (wheezing), shock. Alcohol warning: If you consume 3 or more alcoholic drinks every day, ask your doctor whether you should take naproxen sodium or other pain relievers/fever reducers. Naproxen sodium may cause stomach bleeding. Do not use if you have ever had an allergic reaction to any other pain reliever/fever reducer. Ask a doctor before use if you have ever had serious side effects from any pain reliever/fever reducer. Ask a doctor or pharmacist before use if you are: under a doctor's care for any serious condition; taking any other drug; taking any other product that contains naproxen sodium, or any other pain reliever/fever reducer. Stop use and ask a doctor if: an allergic reaction occurs. Seek medical help right away; pain gets worse or lasts more than 10 days; fever gets worse or lasts more than 3 days; you have difficulty swallowing; it feels like the pill is stuck in your throat; you develop heartburn; stomach pain occurs or lasts, even if symptoms are mild; redness or swelling is present in the painful area; any new symptoms appear. If pregnant or breast-feeding, ask a health professional before use. It is especially important not to use naproxen sodium during the last 3 months of pregnancy unless definitely directed to do so by a doctor because it may cause problems in the unborn child or complications during delivery. Keep out of reach of children. In case of overdose, get medical help or contact a Poison Control Center right away. Do not take more than directed. Drink a full glass of water with each dose. Adults and children 12 years and older: Take 1 tablet every 8 to 12 hours while symptoms last. For the first dose you may take 2 tablets within the first hour. The smallest effective dose should be used. Do not exceed 2 tablets in any 8 to 12-hour period. Do not exceed 3 tablets in a 24-hour period. Adults over 65 years: Do not take more than 1 tablet every 12 hours unless directed by a doctor. Children under 12 years: Ask a doctor. SAVE CARTON FOR FUTURE REFERENCE. 917529.0 276878.0 306397.0 4
291856.0 $8.99 $0.09 / ea. CVS Health All Day Pain Relief Naproxen Tablets, 100CT 1.0 Right side, half way down Health Essentials Pain Relief Temporarily relieves minor aches and pains due to: headache, muscular aches, minor pain of arthritis, toothache, backache, common cold, menstrual cramps; temporarily reduces fever. Per Tablet: Naproxen Sodium 220 mg (Naproxen 200 mg) Allergy alert: Naproxen sodium may cause a severe allergic reaction which may include: hives, facial swelling, asthma (wheezing), shock. Alcohol warning: If you consume 3 or more alcoholic drinks every day, ask your doctor whether you should take naproxen sodium or other pain relievers/fever reducers. Naproxen sodium may cause stomach bleeding. Do not use if you have ever had an allergic reaction to any other pain reliever/fever reducer. Ask a doctor before use if you have ever had serious side effects from any pain reliever/fever reducer. Ask a doctor or pharmacist before use if you are: under a doctor's care for any serious condition; taking any other drug; taking any other product that contains naproxen sodium, or any other pain reliever/fever reducer. Stop use and ask a doctor if: an allergic reaction occurs. Seek medical help right away; pain gets worse or lasts more than 10 days; fever gets worse or lasts more than 3 days; you have difficulty swallowing; it feels like the pill is stuck in your throat; you develop heartburn; stomach pain occurs or lasts, even if symptoms are mild; redness or swelling is present in the painful area; any new symptoms appear. If pregnant or breast-feeding, ask a health professional before use. It is especially important not to use naproxen sodium during the last 3 months of pregnancy unless definitely directed to do so by a doctor because it may cause problems in the unborn child or complications during delivery. Keep out of reach of children. In case of overdose, get medical help or contact a Poison Control Center right away. Do not take more than directed. Drink a full glass of water with each dose. Adults and children 12 years and older: Take 1 tablet every 8 to 12 hours while symptoms last. For the first dose you may take 2 tablets within the first hour. The smallest effective dose should be used. Do not exceed 2 tablets in any 8 to 12-hour period. Do not exceed 3 tablets in a 24-hour period. Adults over 65 years: Do not take more than 1 tablet every 12 hours unless directed by a doctor. Children under 12 years: Ask a doctor. SAVE CARTON FOR FUTURE REFERENCE. 917529.0 276878.0 306397.0 9
297885.0 $7.99 $0.13 / ea. CVS Health Chest Congestion Relief Tablets 1.0 Right side, half way down Health Essentials Cough & Cold 400 mg guaifenesin. Expectorant. Immediate-release tablets. Loosens & relieves chest congestion. Dye-free. Immediate release tablets provide up to 2400 mg guaifenesin daily. 20% more free! 60 tablets for the prices of 50 tablets. CVS pharmacist recommended. Active Ingredients: Guaifenesin (400 mg). Inactive Ingredients: Magnesium Stearate, Microcrystalline Cellulose. May Also Contains (Colloidal) Silicon Dioxide (Co) Povidone, Dicalcium Phosphate, Maltodextrin, Sodium Starch Glycolate, Stearic Acid. Ask a doctor before use if you have persistent or chronic cough, such as occurs with smoking, asthma, chronic bronchitis or emphysema; cough is accompanied by excessive phlegm (mucus). Stop use and ask a doctor if symptoms are accompanied by fever, rash or persistent headache; cough persists for more than 1 week or tends to recur. A persistent cough may be a sign of a serious condition. If pregnant or breast-feeding, ask a health professional before use. Keep out of reach of children. In case of overdose, get medical help or contact Poison Control Center immediately. Caution: Do not use if imprinted seal under cap is broken or missing. Adults and Children 12 Years of Age and Over: Take 1 tablet every 4 hours as needed. Children 6 to Under 12 Years of Age: Take 1/2 tablet every 4 hours as needed. Children Under 6 years of Age: Consult a doctor. Do not exceed 6 doses in a 24 hour period or as directed by a doctor. Store at room temperature 59-86 degrees F (15-30 degrees C). 917529.0 645036.0 320711.0 10
297885.0 $11.49 $0.19 / ea. CVS Health Chest Congestion Relief Tablets 1.0 Left side, back of store Health Essentials Cough & Cold 400 mg guaifenesin. Expectorant. Immediate-release tablets. Loosens & relieves chest congestion. Dye-free. Immediate release tablets provide up to 2400 mg guaifenesin daily. 20% more free! 60 tablets for the prices of 50 tablets. CVS pharmacist recommended. Active Ingredients: Guaifenesin (400 mg). Inactive Ingredients: Magnesium Stearate, Microcrystalline Cellulose. May Also Contains (Colloidal) Silicon Dioxide (Co) Povidone, Dicalcium Phosphate, Maltodextrin, Sodium Starch Glycolate, Stearic Acid. Ask a doctor before use if you have persistent or chronic cough, such as occurs with smoking, asthma, chronic bronchitis or emphysema; cough is accompanied by excessive phlegm (mucus). Stop use and ask a doctor if symptoms are accompanied by fever, rash or persistent headache; cough persists for more than 1 week or tends to recur. A persistent cough may be a sign of a serious condition. If pregnant or breast-feeding, ask a health professional before use. Keep out of reach of children. In case of overdose, get medical help or contact Poison Control Center immediately. Caution: Do not use if imprinted seal under cap is broken or missing. Adults and Children 12 Years of Age and Over: Take 1 tablet every 4 hours as needed. Children 6 to Under 12 Years of Age: Take 1/2 tablet every 4 hours as needed. Children Under 6 years of Age: Consult a doctor. Do not exceed 6 doses in a 24 hour period or as directed by a doctor. Store at room temperature 59-86 degrees F (15-30 degrees C). 917529.0 645036.0 320711.0 10
297885.0 $10.79 $0.18 / ea. CVS Health Chest Congestion Relief Tablets 1.0 Left side, back of store Health Essentials Cough & Cold 400 mg guaifenesin. Expectorant. Immediate-release tablets. Loosens & relieves chest congestion. Dye-free. Immediate release tablets provide up to 2400 mg guaifenesin daily. 20% more free! 60 tablets for the prices of 50 tablets. CVS pharmacist recommended. Active Ingredients: Guaifenesin (400 mg). Inactive Ingredients: Magnesium Stearate, Microcrystalline Cellulose. May Also Contains (Colloidal) Silicon Dioxide (Co) Povidone, Dicalcium Phosphate, Maltodextrin, Sodium Starch Glycolate, Stearic Acid. Ask a doctor before use if you have persistent or chronic cough, such as occurs with smoking, asthma, chronic bronchitis or emphysema; cough is accompanied by excessive phlegm (mucus). Stop use and ask a doctor if symptoms are accompanied by fever, rash or persistent headache; cough persists for more than 1 week or tends to recur. A persistent cough may be a sign of a serious condition. If pregnant or breast-feeding, ask a health professional before use. Keep out of reach of children. In case of overdose, get medical help or contact Poison Control Center immediately. Caution: Do not use if imprinted seal under cap is broken or missing. Adults and Children 12 Years of Age and Over: Take 1 tablet every 4 hours as needed. Children 6 to Under 12 Years of Age: Take 1/2 tablet every 4 hours as needed. Children Under 6 years of Age: Consult a doctor. Do not exceed 6 doses in a 24 hour period or as directed by a doctor. Store at room temperature 59-86 degrees F (15-30 degrees C). 917529.0 645036.0 320711.0 8
298381.0 $15.79 $7.90 / ea. CVS Digital Pregnancy Test 1.0 Right side, back of store Health Essentials Feminine Care Easy to read clear results. Use anytime of the day. Easy to use. Over 99% accurate (99% accurate at detecting typical pregnancy hormone levels. Note that hormone levels vary. See insert) from the day of your expected period (99% accurate at detecting typical pregnancy hormone levels. Note that hormone levels vary. See insert). Easy to read! CVS pharmacist recommended. Easy to read display window. Easy to use. Easy to read. Use anytime of day. Pregnant results in as early as one minute. Ready to use first day of missed period. Contents: 1 test holder, 2 test sticks and 1 English and Spanish instruction insert. CVS/pharmacy Digital Pregnancy Test is easy to use and provides clear results. Simply assemble the test and hold the absorbent tip in your urine stream. Pregnant results may appear in as early as 1 minute. Not pregnant results are confirmed in just 3 minutes. Made in UK.This item is FSA (Flexible Spending Account) eligible. 0 For in vitro diagnostic use. (Not for internal use.) Do not freeze. Keep out of the reach of children. Store at 36-86 degrees F (2-30 degrees C). 845173.0 995475.0 994254.0 1
298821.0 $1.59 $0.02 / ea. Total Home Facial Tissue Soft & Strong 2-Ply, 80CT 1.0 Right side, half way down Health Essentials Cough & Cold Box size. 90 - 2 Ply tissues. 8.4 in 8.4 in. CVS Facial Tissues are two-ply, soft and absorbent. The cartons are made from 100% recycled papers. Keep several boxes handy for kitchen, bathroom, bedroom and baby's room. Convenient for colds and cosmetic removal; carry some in purse and glove compartment, too. 0 0 0 938777.0 297885.0 266403.0 1
298821.0 $2.19 $0.03 / ea. Total Home Facial Tissue Soft & Strong 2-Ply, 80CT 1.0 Right side, half way down Health Essentials Cough & Cold Box size. 90 - 2 Ply tissues. 8.4 in 8.4 in. CVS Facial Tissues are two-ply, soft and absorbent. The cartons are made from 100% recycled papers. Keep several boxes handy for kitchen, bathroom, bedroom and baby's room. Convenient for colds and cosmetic removal; carry some in purse and glove compartment, too. 0 0 0 938777.0 297885.0 266403.0 7
306397.0 $6.49 $0.08 / ea. CVS Health Ibuprofen 200mg Liquid Filled Softgels, 80CT 1.0 Right side, half way down Health Essentials Pain Relief Temporarily relieves minor aches and pains due to: headache, muscular aches, minor pain of arthritis, toothache, backache, the common cold, menstrual cramps; temporarily reduces fever. Per Capsule: Ibuprofen 200 mg Allergy alert: Ibuprofen may cause a severe allergic reaction which may include: hives, facial swelling, asthma (wheezing), shock. Alcohol warning: If you consume 3 or more alcoholic drinks every day, ask your doctor whether you should take ibuprofen or other pain relievers/fever reducers. Ibuprofen may cause stomach bleeding. Do not use if you have ever had an allergic reaction to any other pain reliever/fever reducer. Ask a doctor before use if you have: stomach pain; problems or serious side effects from taking pain relievers or fever reducers. Ask a doctor or pharmacist before use if you are: under a doctor's care for any serious condition; taking any other drug; taking any other product that contains ibuprofen, or any other pain reliever/fever reducer. Stop use and ask a doctor if: an allergic reaction occurs. Seek medical help right away; pain gets worse or lasts more than 10 days; fever gets worse or lasts more than 3 days; stomach pain or upset gets worse or lasts; redness or swelling is present in the painful area; any new symptoms appear. If pregnant or breast-feeding, ask a health professional before use. It is especially important not to use ibuprofen during the last 3 months of pregnancy unless definitely directed to do so by a doctor because it may cause problems in the unborn child or complication during delivery. Keep out of reach of children. In case of overdose, get medical help or contact a Poison Control Center right away. Do not take more than directed. Adults and children 12 years and older: 1 capsule every 4 to 6 hours while symptoms persist. If pain or fever does not respond to 1 capsule, 2 capsules may be used. Do not exceed 6 capsules in 24 hours, unless directed by a doctor. The smallest effective dose should be used. Children under 12 years: ask a doctor. 917529.0 358135.0 371971.0 9
306397.0 $9.29 $0.12 / ea. CVS Health Ibuprofen 200mg Liquid Filled Softgels, 80CT 1.0 Left side, back of store Health Essentials Pain Relief Temporarily relieves minor aches and pains due to: headache, muscular aches, minor pain of arthritis, toothache, backache, the common cold, menstrual cramps; temporarily reduces fever. Per Capsule: Ibuprofen 200 mg Allergy alert: Ibuprofen may cause a severe allergic reaction which may include: hives, facial swelling, asthma (wheezing), shock. Alcohol warning: If you consume 3 or more alcoholic drinks every day, ask your doctor whether you should take ibuprofen or other pain relievers/fever reducers. Ibuprofen may cause stomach bleeding. Do not use if you have ever had an allergic reaction to any other pain reliever/fever reducer. Ask a doctor before use if you have: stomach pain; problems or serious side effects from taking pain relievers or fever reducers. Ask a doctor or pharmacist before use if you are: under a doctor's care for any serious condition; taking any other drug; taking any other product that contains ibuprofen, or any other pain reliever/fever reducer. Stop use and ask a doctor if: an allergic reaction occurs. Seek medical help right away; pain gets worse or lasts more than 10 days; fever gets worse or lasts more than 3 days; stomach pain or upset gets worse or lasts; redness or swelling is present in the painful area; any new symptoms appear. If pregnant or breast-feeding, ask a health professional before use. It is especially important not to use ibuprofen during the last 3 months of pregnancy unless definitely directed to do so by a doctor because it may cause problems in the unborn child or complication during delivery. Keep out of reach of children. In case of overdose, get medical help or contact a Poison Control Center right away. Do not take more than directed. Adults and children 12 years and older: 1 capsule every 4 to 6 hours while symptoms persist. If pain or fever does not respond to 1 capsule, 2 capsules may be used. Do not exceed 6 capsules in 24 hours, unless directed by a doctor. The smallest effective dose should be used. Children under 12 years: ask a doctor. 917529.0 358135.0 371971.0 9
307114.0 $1.99 $0.50 / oz. CVS Health Baby Powder With Aloe Vera & Vitamin E, 4 OZ 5.0 Right side, back of store #REF! Zea Mays (Corn) Starch, Tricalcium Phosphate, Aloe Barbadensis Leaf Extract, Tocopheryl Acetate (Vitamin E Acetate), Fragrance. Avoid contact with the eyes. For external use only. Do not use on broken skin. Keep powder away from child's face to avoid inhalation, which can cause breathing problems. Close tightly after use. Store in a cool, dry place. Safety Tip: Keep this product out of reach of children. For Baby: When changing your baby's diaper, cleanse the area and allow to dry. Carefully shake the powder into your baby's diaper or into your hand and apply to diaper area. Apply powder close to the body, away from the child's face. For You: Use every day to feel dry, fresh and comfortable. 223305.0 261925.0 862227.0 3
317857.0 $3.79 $0.38 / ea. CVS Health Gentle Laxative Bisacodyl USP 5mg Tab, 10CT 1.0 Left side, front of store Health Essentials Stomach, Heartburn, Gas Relieves: constipation, irregularity. Gentle yet effective. Comfort shaped tablets. Per Tablet: Bisacodyl USP 5 mg Ask a doctor before use if you have: abdominal pain, nausea, vomiting, a sudden change in bowel habits that persists longer than 2 weeks. Stop use and ask a doctor if: rectal bleeding occurs, you fail to have a bowel movement after use, you need to use a laxative for more than 1 week. When using this product: you may have stomach discomfort, faintness or cramps; do not chew or crush tablets; do not take this product within 1 hour after taking an antacid or milk; expect results in 8-12 hours if taken at bedtime or within 6 hours if taken before breakfast. If pregnant or breast-feeding, ask a health professional before use. Keep out of the reach of children. In case of overdose, get medical help or contact a Poison Control Center immediately. Adults and children 12 years and over: 1 to 3 tablets in a single dose (usually 2) daily. Children 6 to 12 years: 1 tablet once daily. Children under 6 years: Ask a doctor. 917529.0 422000.0 206805.0 6
318474.0 $3.39 $0.17 / ea. CVS Health Tampons Regular Absorbency Unscented, 20CT 1.0 Right side, back of store Health Essentials Feminine Care Durable wrapper, Plastic applicator, Rounded tip for comfortable insertion. Easy- to- hold grip. Tampon expands to fit your individual form.  Cotton and/ or Rayon Fiber Blend, Polypropylene overwrap and Cotton String, Attention: Tampons are associated with toxic shock syndrome(TSS). TSS is a rare but serious disease that may cause death. Read and save the enclosed information. Directions for use enclosed   Tampons Absorbency Range: Tampons are available in four absorbency ranges. All tampon manufactures are required to use the same absorbency ranges based on standard laboratory tests. Use this chart to compare the absorbency of these tampons to other brands. The risk of getting Toxic Shock Syndrome(TSS) increases with higher absorbency. You can reduce the risk of TSS by using the minimum absorbency that meets your needs. Absorbency: Light less than 6 grams, Regular 6 - 9 grams, Super 9 - 12 grams, Super Plus, 12 - 15 grams. 845173.0 458343.0 430151.0 7
318474.0 $4.79 $0.24 / ea. CVS Health Tampons Regular Absorbency Unscented, 20CT 1.0 Left side, half way down Health Essentials Feminine Care Durable wrapper, Plastic applicator, Rounded tip for comfortable insertion. Easy- to- hold grip. Tampon expands to fit your individual form.  Cotton and/ or Rayon Fiber Blend, Polypropylene overwrap and Cotton String, Attention: Tampons are associated with toxic shock syndrome(TSS). TSS is a rare but serious disease that may cause death. Read and save the enclosed information. Directions for use enclosed   Tampons Absorbency Range: Tampons are available in four absorbency ranges. All tampon manufactures are required to use the same absorbency ranges based on standard laboratory tests. Use this chart to compare the absorbency of these tampons to other brands. The risk of getting Toxic Shock Syndrome(TSS) increases with higher absorbency. You can reduce the risk of TSS by using the minimum absorbency that meets your needs. Absorbency: Light less than 6 grams, Regular 6 - 9 grams, Super 9 - 12 grams, Super Plus, 12 - 15 grams. 845173.0 458343.0 430151.0 2
318474.0 $4.59 $0.23 / ea. CVS Health Tampons Regular Absorbency Unscented, 20CT 1.0 Right side, front of store Health Essentials Feminine Care Durable wrapper, Plastic applicator, Rounded tip for comfortable insertion. Easy- to- hold grip. Tampon expands to fit your individual form.  Cotton and/ or Rayon Fiber Blend, Polypropylene overwrap and Cotton String, Attention: Tampons are associated with toxic shock syndrome(TSS). TSS is a rare but serious disease that may cause death. Read and save the enclosed information. Directions for use enclosed   Tampons Absorbency Range: Tampons are available in four absorbency ranges. All tampon manufactures are required to use the same absorbency ranges based on standard laboratory tests. Use this chart to compare the absorbency of these tampons to other brands. The risk of getting Toxic Shock Syndrome(TSS) increases with higher absorbency. You can reduce the risk of TSS by using the minimum absorbency that meets your needs. Absorbency: Light less than 6 grams, Regular 6 - 9 grams, Super 9 - 12 grams, Super Plus, 12 - 15 grams. 845173.0 458343.0 430151.0 0
320711.0 $4.79 $0.48 / ea. CVS Health Airshield Effervescent Tablets Orange Flavor 1.0 Right side, half way down Health Essentials Cough & Cold Dietary Supplement. Supports your immune system everywhere. Antioxidants. Electrolytes. Amino acids. 1000 mg of vitamin C. Seven herbs. (These statements have not been evaluated by the Food and Drug Administration. This product is not intended to diagnose, treat, cure or prevent any disease.) Amino Acid Blend: L-Lysine (as Monohydrochloride) and L-Glutamine. Herbal Blend: Arabinogalactan Extract (Larix Occidentalis) (Heartwood), Ginger Root Extract (Zingiber Officianale) (Root), Lonicera Extract (Lonicera Japonica) (Flower), Forsythia Fruit Extract (Forsythia Suspense Fructus) (Fruit), Schizonepeta Whole Herb Extract (Schizonepeta Tenuifolia) (Whole Herb), Isatis Root Extract (Isatidis Tinctoria Radix) (Root) and Echinacea Angustifolia Root Powder (Echinacea Angustifolia) (Root). Other Ingredients: Sorbitol, Sodium Bicarbonate, Citric Acid, Maltodextrin, Natural Orange Flavor, Canola Oil, Silica, Acesulfame Potassium, Polyethylene Glycol, Sucralose. Contains: fish (cod, cusk, flounder, haddock, hake, pollock, redfish, sole). Before taking this product please consult with your healthcare professional if you are pregnant, nursing or if you have any medical conditions or are taking any medicines. Dietary supplements can affect the way medicines work. If you are given a prescription for medicine, always tell your healthcare professional what dietary supplements you are taking. Sealed with tamper evident cap for your protection. Keep out of the reach of children. Keep in a cool dry place. Children over 12 years of age and adults, drop one effervescent tablet in 4 to 6 ounces of water, let fully dissolve (about 1 minute) and drink. Repeat every 3 hours up to 3 times a day. May be used in hot or cold water. 917529.0 645036.0 938778.0 3
320711.0 $6.79 $0.68 / ea. CVS Health Airshield Effervescent Tablets Orange Flavor 1.0 Right side, half way down Health Essentials Cough & Cold Dietary Supplement. Supports your immune system everywhere. Antioxidants. Electrolytes. Amino acids. 1000 mg of vitamin C. Seven herbs. (These statements have not been evaluated by the Food and Drug Administration. This product is not intended to diagnose, treat, cure or prevent any disease.) Amino Acid Blend: L-Lysine (as Monohydrochloride) and L-Glutamine. Herbal Blend: Arabinogalactan Extract (Larix Occidentalis) (Heartwood), Ginger Root Extract (Zingiber Officianale) (Root), Lonicera Extract (Lonicera Japonica) (Flower), Forsythia Fruit Extract (Forsythia Suspense Fructus) (Fruit), Schizonepeta Whole Herb Extract (Schizonepeta Tenuifolia) (Whole Herb), Isatis Root Extract (Isatidis Tinctoria Radix) (Root) and Echinacea Angustifolia Root Powder (Echinacea Angustifolia) (Root). Other Ingredients: Sorbitol, Sodium Bicarbonate, Citric Acid, Maltodextrin, Natural Orange Flavor, Canola Oil, Silica, Acesulfame Potassium, Polyethylene Glycol, Sucralose. Contains: fish (cod, cusk, flounder, haddock, hake, pollock, redfish, sole). Before taking this product please consult with your healthcare professional if you are pregnant, nursing or if you have any medical conditions or are taking any medicines. Dietary supplements can affect the way medicines work. If you are given a prescription for medicine, always tell your healthcare professional what dietary supplements you are taking. Sealed with tamper evident cap for your protection. Keep out of the reach of children. Keep in a cool dry place. Children over 12 years of age and adults, drop one effervescent tablet in 4 to 6 ounces of water, let fully dissolve (about 1 minute) and drink. Repeat every 3 hours up to 3 times a day. May be used in hot or cold water. 917529.0 645036.0 938778.0 5
320988.0 $4.99 $0.10 / ea. CVS Health Oil Absorbing Sheets, 50CT 2.0 Left side, back of store Beauty CVS Oil Absorbing Sheets instantly absorb unwanted oil from your nose and forehead to reduce that undesirable shine. It does this with virtually no disruption of makeup. You can see the oil you remove on the sheet so you know it is doing the job. Its soft, quiet nature allows you to use the sheets anywhere without drawing attention to yourself. Contents: 50 sheets, 5 x 8 cm (1.9 x 3.1 in). Polypropylene; Mineral Oil; 3,4-Dimethylbenzylidene Sorbitol; Ultramarines For external use only. Keep out of reach of children. Before using, open the lid of the package and remove brown liner to expose the adhesive tape beneath. To dispense a sheet, press the lid into the sheet and gently lift the lid. Remove sheet from the lid and use soft, blotting motions on oily areas. When shine is gone, dispose of used sheet in proper trash receptacle. 829205.0 986114.0 987290.0 9
322436.0 $3.49 $6.98 / oz. CVS Health Antibiotic Ointment, 0.5 OZ 1.0 Right side, half way down Health Essentials First Aid Triple antibiotic infection protection for burns, cuts and scrapes.Enhanced with vitamin E and cocoa butter.Compare to the active ingredients in Neosporin. Active Ingredients: Bacitracin Zinc, USP 400 Units, Neomycin 3.5mg, Polymyxin B Sulfate, USP 5,000 Units. Inactive Ingredients: Cocoa Butter, Cottonseed Oil, Olive Oil, Vitamin E, White Petrolatum. For external use only. Do not use if allergic to any of the ingredients. Do not use in the eyes, over large areas of the body. Ask a doctor before use if you have deep or puncture wounds, animal bites, serious burns. When using this product do not use longer than 1 week unless directed by a doctor. Stop use and ask a doctor if: Condition persists or gets worse, a rash or other allergic reaction develops. Keep out of reach of children. If swallowed get medical help or contact a Poison Control Center right away. Clean affected area. Apply a small amount of this product (an amount equal to the surface area of the tip of a finger) on the area 1 to 3 times daily. May be covered with a sterile bandage. 950987.0 590737.0 276878.0 10
322436.0 $4.99 $9.98 / oz. CVS Health Antibiotic Ointment, 0.5 OZ 1.0 Left side, front of store Health Essentials First Aid Triple antibiotic infection protection for burns, cuts and scrapes.Enhanced with vitamin E and cocoa butter.Compare to the active ingredients in Neosporin. Active Ingredients: Bacitracin Zinc, USP 400 Units, Neomycin 3.5mg, Polymyxin B Sulfate, USP 5,000 Units. Inactive Ingredients: Cocoa Butter, Cottonseed Oil, Olive Oil, Vitamin E, White Petrolatum. For external use only. Do not use if allergic to any of the ingredients. Do not use in the eyes, over large areas of the body. Ask a doctor before use if you have deep or puncture wounds, animal bites, serious burns. When using this product do not use longer than 1 week unless directed by a doctor. Stop use and ask a doctor if: Condition persists or gets worse, a rash or other allergic reaction develops. Keep out of reach of children. If swallowed get medical help or contact a Poison Control Center right away. Clean affected area. Apply a small amount of this product (an amount equal to the surface area of the tip of a finger) on the area 1 to 3 times daily. May be covered with a sterile bandage. 950987.0 590737.0 276878.0 4
322436.0 $4.69 $9.38 / oz. CVS Health Antibiotic Ointment, 0.5 OZ 1.0 Right side, front of store Health Essentials First Aid Triple antibiotic infection protection for burns, cuts and scrapes.Enhanced with vitamin E and cocoa butter.Compare to the active ingredients in Neosporin. Active Ingredients: Bacitracin Zinc, USP 400 Units, Neomycin 3.5mg, Polymyxin B Sulfate, USP 5,000 Units. Inactive Ingredients: Cocoa Butter, Cottonseed Oil, Olive Oil, Vitamin E, White Petrolatum. For external use only. Do not use if allergic to any of the ingredients. Do not use in the eyes, over large areas of the body. Ask a doctor before use if you have deep or puncture wounds, animal bites, serious burns. When using this product do not use longer than 1 week unless directed by a doctor. Stop use and ask a doctor if: Condition persists or gets worse, a rash or other allergic reaction develops. Keep out of reach of children. If swallowed get medical help or contact a Poison Control Center right away. Clean affected area. Apply a small amount of this product (an amount equal to the surface area of the tip of a finger) on the area 1 to 3 times daily. May be covered with a sterile bandage. 950987.0 590737.0 276878.0 4
322829.0 $3.19 $9.67 / oz. Tide To Go Instant Stain Remover Pen 5.0 Left side, back of store Home & Office Tide to go is the portable, instant stain remover that helps eliminate many fresh food and drink stains on the spot. Keep a Tide to go in your briefcase, car, purse and kitchen everywhere you encounter stains.Instantly removes many fresh food and drink stains.Portable no mess, nothing to throw away, nothing to get on hands, etc..Works well on coffee, tea, wine, spaghetti sauce, bbq sauce, ketchup, grape juice and more. Active Ingredients: Biodegradable cleaning agents. May irritate eyes. Do not get into eyes. Keep out of reach of children. First aid treatment: Contains anionic surfactants. If swallowed, drink a glass of water to dilute. If in eyes, rinse with water for 15 minutes. Minimum storage temperature 45F. Maximum storage temperature 120F. 1. Remove excess residue from stain. 2. Press the tip onto the stain several times to release some stain remover solution onto the stain. 3. Rub tip gently across the stain to remove it. When necessary, add more liquid and continue rubbing gently. 4. Important: If treated area will be exposed to direct sunlight, wipe with a damp cloth or napkin to remove excess solution left on fabric. For Best Results: Follow all four steps above. Safe on most colorfast, machine washable and dry cleanable fabrics. Some fabrics may be susceptible to color change. Test on a hidden area prior to use. 708737.0 454376.0 192868.0 6
322829.0 $3.99 $12.09 / oz. Tide To Go Instant Stain Remover Pen 5.0 Left side, back of store Home & Office Tide to go is the portable, instant stain remover that helps eliminate many fresh food and drink stains on the spot. Keep a Tide to go in your briefcase, car, purse and kitchen everywhere you encounter stains.Instantly removes many fresh food and drink stains.Portable no mess, nothing to throw away, nothing to get on hands, etc..Works well on coffee, tea, wine, spaghetti sauce, bbq sauce, ketchup, grape juice and more. Active Ingredients: Biodegradable cleaning agents. May irritate eyes. Do not get into eyes. Keep out of reach of children. First aid treatment: Contains anionic surfactants. If swallowed, drink a glass of water to dilute. If in eyes, rinse with water for 15 minutes. Minimum storage temperature 45F. Maximum storage temperature 120F. 1. Remove excess residue from stain. 2. Press the tip onto the stain several times to release some stain remover solution onto the stain. 3. Rub tip gently across the stain to remove it. When necessary, add more liquid and continue rubbing gently. 4. Important: If treated area will be exposed to direct sunlight, wipe with a damp cloth or napkin to remove excess solution left on fabric. For Best Results: Follow all four steps above. Safe on most colorfast, machine washable and dry cleanable fabrics. Some fabrics may be susceptible to color change. Test on a hidden area prior to use. 708737.0 454376.0 192868.0 4
322829.0 $3.69 $11.18 / oz. Tide To Go Instant Stain Remover Pen 5.0 Left side, front of store Home & Office Tide to go is the portable, instant stain remover that helps eliminate many fresh food and drink stains on the spot. Keep a Tide to go in your briefcase, car, purse and kitchen everywhere you encounter stains.Instantly removes many fresh food and drink stains.Portable no mess, nothing to throw away, nothing to get on hands, etc..Works well on coffee, tea, wine, spaghetti sauce, bbq sauce, ketchup, grape juice and more. Active Ingredients: Biodegradable cleaning agents. May irritate eyes. Do not get into eyes. Keep out of reach of children. First aid treatment: Contains anionic surfactants. If swallowed, drink a glass of water to dilute. If in eyes, rinse with water for 15 minutes. Minimum storage temperature 45F. Maximum storage temperature 120F. 1. Remove excess residue from stain. 2. Press the tip onto the stain several times to release some stain remover solution onto the stain. 3. Rub tip gently across the stain to remove it. When necessary, add more liquid and continue rubbing gently. 4. Important: If treated area will be exposed to direct sunlight, wipe with a damp cloth or napkin to remove excess solution left on fabric. For Best Results: Follow all four steps above. Safe on most colorfast, machine washable and dry cleanable fabrics. Some fabrics may be susceptible to color change. Test on a hidden area prior to use. 708737.0 454376.0 192868.0 4
336263.0 $2.09 $0.25 / oz. CVS Health Antiseptic Mouthwash Blue Mint, 8.5 OZ 1.0 Right side, half way down Health Essentials Oral Health Misc: Kills germs that cause plaque, gingivitis & bad breath. Compare to the active ingredients in Listerine Cool Mint Antiseptic (This product is not manufactured or distributed by Johnson & Johnson Healthcare Products, owner of the registered trademark Listerine and Cool Mint.). CVS quality guarantee. Please recycle. Made in the USA. Active Ingredients: Eucalyptol (0.092%).  Menthol (0.042%).  Methyl Salicylate (0.060%).  Thymol (0.064%).  Inactive Ingredients: Water, Alcohol (21.6%), Sorbitol Solution, Flavor, Poloxamer 407, Benzoic Acid, Sodium Saccharin, Sodium Benzoate, FD&C Green 3. Warnings: Other warnings: Stop use and ask a dentist if gingivitis, bleeding or redness persists for more than 2 weeks. If more than used for rinsing is accidentally swallowed, get medical help or contact a Poison Control Center right away. Sealed with printed neckband for your protection. Do not use if broken or missing. Do not use: if you have painful or swollen gums, pus from the gum line, loose teeth or increased spacing between the teeth. See your dentist immediately. These may be signs of periodontitis, a serious form of gum disease. Keep out of reach of children. Directions: This rinse is not intended to replace brushing or flossing.  Adults and children 12 years of age and older, vigorously swish 20 ml (2/3 fl oz or 4 teaspoonfuls) between teeth for 30 seconds then spit out, do not swallow.  Children under 12 years of age, consult a dentist or doctor. 336263.0 454376.0 957301.0 3
336263.0 $2.99 $0.35 / oz. CVS Health Antiseptic Mouthwash Blue Mint, 8.5 OZ 1.0 Left side, front of store Health Essentials Oral Health Misc: Kills germs that cause plaque, gingivitis & bad breath. Compare to the active ingredients in Listerine Cool Mint Antiseptic (This product is not manufactured or distributed by Johnson & Johnson Healthcare Products, owner of the registered trademark Listerine and Cool Mint.). CVS quality guarantee. Please recycle. Made in the USA. Active Ingredients: Eucalyptol (0.092%).  Menthol (0.042%).  Methyl Salicylate (0.060%).  Thymol (0.064%).  Inactive Ingredients: Water, Alcohol (21.6%), Sorbitol Solution, Flavor, Poloxamer 407, Benzoic Acid, Sodium Saccharin, Sodium Benzoate, FD&C Green 3. Warnings: Other warnings: Stop use and ask a dentist if gingivitis, bleeding or redness persists for more than 2 weeks. If more than used for rinsing is accidentally swallowed, get medical help or contact a Poison Control Center right away. Sealed with printed neckband for your protection. Do not use if broken or missing. Do not use: if you have painful or swollen gums, pus from the gum line, loose teeth or increased spacing between the teeth. See your dentist immediately. These may be signs of periodontitis, a serious form of gum disease. Keep out of reach of children. Directions: This rinse is not intended to replace brushing or flossing.  Adults and children 12 years of age and older, vigorously swish 20 ml (2/3 fl oz or 4 teaspoonfuls) between teeth for 30 seconds then spit out, do not swallow.  Children under 12 years of age, consult a dentist or doctor. 336263.0 454376.0 957301.0 4
338384.0 $1.49 $0.60 / oz. Gillette Satin Care Dry Skin Shave Gel, 2.5 OZ 4.0 Left side, front of store Personal Care Lock in moisture with Satin Care dry skin shave gel. The specially composed formula helps lock in moisture for soft, smooth skin, shave after shave. Formula includes glycerin, which helps the skin to attract and retain its own natural moisture, leaving it feeling soft and smooth, amazing glide for protection against nicks and cuts, travel size 2.5 OZ.Designed for dry skin.For great results, use with Gillette Venus razors. Ingredients: Water, Glycerin, Palmitic Acid, Triethanolamine, Stearic Acid, Isopentane, Glyceryl Oleate, Isobutane, Sorbitol, Fragrance, Hydroxyethylcellulose, PTFE, PEG-90M, PEG-23M, Propylene Glycol, Butyrospermum Parkii (Shea Butter), Hydrolyzed Silk, Blue 1. Container may explode if heated. Gently rub shave gel over wet skin to produce a rich lather for a smooth shave. 484266.0 420392.0 844691.0 4
338384.0 $1.89 $0.76 / oz. Gillette Satin Care Dry Skin Shave Gel, 2.5 OZ 4.0 Left side, back of store Personal Care Lock in moisture with Satin Care dry skin shave gel. The specially composed formula helps lock in moisture for soft, smooth skin, shave after shave. Formula includes glycerin, which helps the skin to attract and retain its own natural moisture, leaving it feeling soft and smooth, amazing glide for protection against nicks and cuts, travel size 2.5 OZ.Designed for dry skin.For great results, use with Gillette Venus razors. Ingredients: Water, Glycerin, Palmitic Acid, Triethanolamine, Stearic Acid, Isopentane, Glyceryl Oleate, Isobutane, Sorbitol, Fragrance, Hydroxyethylcellulose, PTFE, PEG-90M, PEG-23M, Propylene Glycol, Butyrospermum Parkii (Shea Butter), Hydrolyzed Silk, Blue 1. Container may explode if heated. Gently rub shave gel over wet skin to produce a rich lather for a smooth shave. 484266.0 420392.0 844691.0 8
338384.0 $1.79 $0.72 / oz. Gillette Satin Care Dry Skin Shave Gel, 2.5 OZ 4.0 Left side, half way down Personal Care Lock in moisture with Satin Care dry skin shave gel. The specially composed formula helps lock in moisture for soft, smooth skin, shave after shave. Formula includes glycerin, which helps the skin to attract and retain its own natural moisture, leaving it feeling soft and smooth, amazing glide for protection against nicks and cuts, travel size 2.5 OZ.Designed for dry skin.For great results, use with Gillette Venus razors. Ingredients: Water, Glycerin, Palmitic Acid, Triethanolamine, Stearic Acid, Isopentane, Glyceryl Oleate, Isobutane, Sorbitol, Fragrance, Hydroxyethylcellulose, PTFE, PEG-90M, PEG-23M, Propylene Glycol, Butyrospermum Parkii (Shea Butter), Hydrolyzed Silk, Blue 1. Container may explode if heated. Gently rub shave gel over wet skin to produce a rich lather for a smooth shave. 484266.0 420392.0 844691.0 4
341106.0 $7.59 $1.27 / oz. Beauty 360 All Day Moisture Lotion, 6OZ 2.0 Left side, front of store Beauty Light, non-greasy. SPF 15 UVA & UVB protection. Vitamin E & aloe. All day moisture for healthy skin. 100% aminobenzoic acid (PABA)-free. Dermatologist tested. Light, non-greasy formula. Antioxidant vitamin E plus aloe. Non-comedogenic (won't clog pores). 100% oil free. All day defense - broad spectrum protection against premature skin damage from both UVA and UVB rays to help your skin stay younger looking. Vitamins - This formula with antioxidant vitamin E plus aloe helps promote and maintain healthy-looking skin. Result - Glowing, beautiful, healthy skin. Active Ingredients: Octinoxate (6.0%), Zinc Oxide (3.0%). Inactive Ingredients: Water, Glycerin, Isohexadecane, Polysorbate 80, Sodium Acrylate/Acryloyldimethyl Taurate Copolymer, Laureth-7, Cyclopentasiloxane, PEG/PPG-20/20 Dimethicone, Steareth-21, Stearyl Alcohol, Gossypium Herbaceum (Cotton) Seed Oil, Behenyl Alcohol, Cetyl Alcohol, DMDM Hydantoin, Iodopropynyl Butylcarbamate, Steareth-2, Disodium EDTA, Aloe Barbadensis Leaf Extract, Oleth-3 Phosphate. For external use only. When using this product keep out of eyes. Rinse with water to remove. Stop use and ask a doctor if rash or irritation develops and lasts. Keep out of reach of children. If swallowed, get medical help or contact a Poison Control Center right away. Apply liberally 20 minutes before sun exposure and as needed. Children under 6 months of age: ask a doctor.
 829205.0 857242.0 396146.0 3
341106.0 $7.99 $1.33 / oz. Beauty 360 All Day Moisture Lotion, 6OZ 2.0 Right side, front of store Beauty Light, non-greasy. SPF 15 UVA & UVB protection. Vitamin E & aloe. All day moisture for healthy skin. 100% aminobenzoic acid (PABA)-free. Dermatologist tested. Light, non-greasy formula. Antioxidant vitamin E plus aloe. Non-comedogenic (won't clog pores). 100% oil free. All day defense - broad spectrum protection against premature skin damage from both UVA and UVB rays to help your skin stay younger looking. Vitamins - This formula with antioxidant vitamin E plus aloe helps promote and maintain healthy-looking skin. Result - Glowing, beautiful, healthy skin. Active Ingredients: Octinoxate (6.0%), Zinc Oxide (3.0%). Inactive Ingredients: Water, Glycerin, Isohexadecane, Polysorbate 80, Sodium Acrylate/Acryloyldimethyl Taurate Copolymer, Laureth-7, Cyclopentasiloxane, PEG/PPG-20/20 Dimethicone, Steareth-21, Stearyl Alcohol, Gossypium Herbaceum (Cotton) Seed Oil, Behenyl Alcohol, Cetyl Alcohol, DMDM Hydantoin, Iodopropynyl Butylcarbamate, Steareth-2, Disodium EDTA, Aloe Barbadensis Leaf Extract, Oleth-3 Phosphate. For external use only. When using this product keep out of eyes. Rinse with water to remove. Stop use and ask a doctor if rash or irritation develops and lasts. Keep out of reach of children. If swallowed, get medical help or contact a Poison Control Center right away. Apply liberally 20 minutes before sun exposure and as needed. Children under 6 months of age: ask a doctor.
 829205.0 857242.0 396146.0 10
346754.0 $6.69 $0.07 / ea. CVS Health Vitamin D Softgels 1000IU, 120CT 1.0 Left side, half way down Health Essentials Vitamins Vitamin D is an essential nutrient that works with calcium to support bone health and assists in maintaining a healthy immune system. Vitamin D absorption decreases as we age, therefore older individuals may especially benefit from supplementation.Disclaimer: These statements have not been evaluated by the Food and Drug Administration. This product is not intended to diagnose, treat, cure or prevent any disease. Vitamin D 1,000 IU (As D3 Cholecalciferol). Other Ingredients: Soybean Oil, Gelatin (Bovine), Glycerin, Corn Oil. If you are pregnant, nursing, taking any medications or have any medical condition, consult your doctor before use. Discontinue use and consult your doctor if any adverse reactions occur. No yeast, wheat, gluten, milk or milk derivatives, lactose, sugar, preservatives, artificial color, artificial flavor, salt. Keep out of reach of children. Store at room temperature and avoid excessive heat. Tamper resistant: Do not use if seal under cap is broken or missing. For adults, take one (1) softgel daily, preferably with a meal. As a reminder, discuss the supplements and medications you take with your health care providers. 917529.0 711999.0 320711.0 7
346754.0 $9.49 $0.09 / ea. CVS Health Vitamin D Softgels 1000IU, 120CT 1.0 Left side, front of store Health Essentials Vitamins Vitamin D is an essential nutrient that works with calcium to support bone health and assists in maintaining a healthy immune system. Vitamin D absorption decreases as we age, therefore older individuals may especially benefit from supplementation.Disclaimer: These statements have not been evaluated by the Food and Drug Administration. This product is not intended to diagnose, treat, cure or prevent any disease. Vitamin D 1,000 IU (As D3 Cholecalciferol). Other Ingredients: Soybean Oil, Gelatin (Bovine), Glycerin, Corn Oil. If you are pregnant, nursing, taking any medications or have any medical condition, consult your doctor before use. Discontinue use and consult your doctor if any adverse reactions occur. No yeast, wheat, gluten, milk or milk derivatives, lactose, sugar, preservatives, artificial color, artificial flavor, salt. Keep out of reach of children. Store at room temperature and avoid excessive heat. Tamper resistant: Do not use if seal under cap is broken or missing. For adults, take one (1) softgel daily, preferably with a meal. As a reminder, discuss the supplements and medications you take with your health care providers. 917529.0 711999.0 320711.0 5
350581.0 $8.50 $202.38 / oz. MUA Professional Intense Midnight Black Gel Eye Liner 5.0 Left side, front of store #REF!  Isododecane, Mica, Synthetic Wax, Hydrogenated Polydicyclopentadiene, Peg/ppg-18/18 Dimethicone, Polybutene, Glyceryl Tribehenate/isostearate/eicosandioate, Nylon-12, Polyethylene, Perfluorononyl Dimethicone, Polyglyceryl-4 Diisostearate/polyhydroxystearate/sebacate, Synthetic Beeswax, Carmine (ci 75470), Pentaerythrityl Tetra-di-t-butyl Hydroxyhydrocinnamate, Copernicia Cerifera (carnauba) Wax, Titanium Cioside (ci 77891), Iron Oxides (ci 77491 Ci 77492 Ci 77499) 0  To apply: glide the pencil along lash lines and buff out for a smokey effect. 350772.0 829205.0 715973.0 5
350772.0 $8.50 $25.76 / oz. MUA Professional Adjustable Impact Mascara 2.0 Right side, half way down Beauty Twist the wand to reveal four unique applicators in one: Natural, Length Enhancing, Length and Volume, and Maximum Volume. Paired with an artist-favorite eye enhancing formula, this wand has been designed for customized application for lash styles to fit every occasion. To Apply: Pick your applicator setting and glide from base to tip of lashes. Ingredients: Water, Glyceryl Stearate, Microcrystalline Wax, Sd Alcohol 40, Stearic Acid, Triacontanyl Pvp, Vp/Eicosene Copolymer, Propylene Glycol, Pvp, Xanthan Gum, Phenoxyethanol, Caprylyl Glycol, Quaternium-15, Disodium Edta, Sodium Hydroxide, Myristic Acid, May Contain [+/-]: Iron Oxides (Ci 77499), May Contain (+/-): Ultramarines (Ci 77007). 0 1. Natural for a natural look, use the first setting for lighter coverage. 2. Length enhancing twist once for medium coverage to elongate the lashes. 3. Length and volume Twist twice for full coverage with lengthening and thickening. 4. Maximum volume twist three times for maximum coverage and maximum volume. To Apply: Pick your applicator setting and glide from base to tip of lashes.  829205.0 341106.0 857242.0 0
358135.0 $2.69 $0.11 / ea. CVS Health Ibuprofen Tablets, 24CT 1.0 Left side, front of store Health Essentials Pain Relief Pain reliever/fever reducer (NSAID). CVS Pharmacist recommended. Compare to the active ingredient in Advil (CVS/pharmacy Ibuprofen Tablets are not manufactured or distributed by Wyeth Consumer Healthcare, distributor of Advil). Active Ingredient (in Each Tablet): Ibuprofen (200 mg) (NSAID) (Nonsteroidal Anti-Inflammatory Drug). Inactive Ingredients: Colloidal Silicone Dioxide, Corn Starch, Croscarmellose Sodium, Hypromellose, Iron Oxides, Microcrystalline Cellulose, Polyethylene Glycol, Polysorbate 80, Stearic Acid, Titanium Dioxide. Do not use if printed seal under cap is broken or missing. Allergy Alert: Ibuprofen may cause a severe allergic reaction, especially in people allergic to aspirin. Symptoms may include hives; facial swelling; asthma (wheezing); shock; skin reddening; rash; blisters. If an allergic reaction occurs, stop use and seek medical help right away. Stomach Bleeding Warning: This product contains an NSAID, which may cause severe stomach bleeding. The chances are higher if you are age 60 or older; have had stomach ulcers or bleeding problems; take a blood thinning (anticoagulant) or steroid drug; take other drugs containing prescription or nonprescription NSAIDs [aspirin, ibuprofen, naproxen, or others]; have 3 or more alcoholic drinks every day while using this product; take more or for a longer time than directed. Do not use if you have ever had an allergic reaction to any other pain reliever/fever reducer; right before or after heat surgery. Ask a doctor before use if you have problems or serious side effects from taking pain relievers or fever reducers; the stomach bleeding warning applies to you; you have a history of stomach problems, such as heartburn; you have high blood pressure, heart disease, liver cirrhosis, or kidney disease; you have asthma; you are taking a diuretic. Ask a doctor or pharmacist before use if you are taking aspirin to prevent heart attack or stroke, because ibuprofen may decrease this benefit of aspirin; under a doctor's care for any serious condition; taking any other drug. When using this product take with food or milk if stomach upset occurs; the risk of heart attack or stroke may increase if you use more than directed or for longer than directed. Stop use and ask a doctor if you experience any of the following signs of stomach bleeding: feel faint; vomit blood; have bloody or black stools; have stomach pain that does not get better; pain gets worse or lasts more than 10 days; fever gets worse or lasts more than 3 days; redness or swelling is present in the painful area; any new symptoms appear. If pregnant or breast-feeding, ask a health professional before use. It is especially important not to use ibuprofen during the last 3 months of pregnancy unless definitely directed to do so by a doctor because it may cause problems in the unborn child or complications during delivery. Keep out of reach of children. In case of overdose, get medical help or contact a Poison Control Center right away. 800-222-1222. Do not take more than directed. The smallest effective dose should be used. Do not take longer than 10 days, unless directed by a doctor (see Warnings). Adults and Children 12 Years and Older: Take 1 tablet every 4 to 6 hours while symptoms persist. If pain or fever does not respond to 1 tablet, 2 tablets may be used. Do not exceed 6 tablets in 24 hours, unless directed by a doctor. children Under 12 Years: Ask a doctor. Read all warnings and directions before use. Store at 68-77 degrees F (20-25 degrees C). Avoid high humidity and excessive heat above 104 degrees F (40 degrees C). Keep carton for reference. 917529.0 475817.0 193592.0 1
358135.0 $3.79 $0.16 / ea. CVS Health Ibuprofen Tablets, 24CT 1.0 Left side, half way down Health Essentials Pain Relief Pain reliever/fever reducer (NSAID). CVS Pharmacist recommended. Compare to the active ingredient in Advil (CVS/pharmacy Ibuprofen Tablets are not manufactured or distributed by Wyeth Consumer Healthcare, distributor of Advil). Active Ingredient (in Each Tablet): Ibuprofen (200 mg) (NSAID) (Nonsteroidal Anti-Inflammatory Drug). Inactive Ingredients: Colloidal Silicone Dioxide, Corn Starch, Croscarmellose Sodium, Hypromellose, Iron Oxides, Microcrystalline Cellulose, Polyethylene Glycol, Polysorbate 80, Stearic Acid, Titanium Dioxide. Do not use if printed seal under cap is broken or missing. Allergy Alert: Ibuprofen may cause a severe allergic reaction, especially in people allergic to aspirin. Symptoms may include hives; facial swelling; asthma (wheezing); shock; skin reddening; rash; blisters. If an allergic reaction occurs, stop use and seek medical help right away. Stomach Bleeding Warning: This product contains an NSAID, which may cause severe stomach bleeding. The chances are higher if you are age 60 or older; have had stomach ulcers or bleeding problems; take a blood thinning (anticoagulant) or steroid drug; take other drugs containing prescription or nonprescription NSAIDs [aspirin, ibuprofen, naproxen, or others]; have 3 or more alcoholic drinks every day while using this product; take more or for a longer time than directed. Do not use if you have ever had an allergic reaction to any other pain reliever/fever reducer; right before or after heat surgery. Ask a doctor before use if you have problems or serious side effects from taking pain relievers or fever reducers; the stomach bleeding warning applies to you; you have a history of stomach problems, such as heartburn; you have high blood pressure, heart disease, liver cirrhosis, or kidney disease; you have asthma; you are taking a diuretic. Ask a doctor or pharmacist before use if you are taking aspirin to prevent heart attack or stroke, because ibuprofen may decrease this benefit of aspirin; under a doctor's care for any serious condition; taking any other drug. When using this product take with food or milk if stomach upset occurs; the risk of heart attack or stroke may increase if you use more than directed or for longer than directed. Stop use and ask a doctor if you experience any of the following signs of stomach bleeding: feel faint; vomit blood; have bloody or black stools; have stomach pain that does not get better; pain gets worse or lasts more than 10 days; fever gets worse or lasts more than 3 days; redness or swelling is present in the painful area; any new symptoms appear. If pregnant or breast-feeding, ask a health professional before use. It is especially important not to use ibuprofen during the last 3 months of pregnancy unless definitely directed to do so by a doctor because it may cause problems in the unborn child or complications during delivery. Keep out of reach of children. In case of overdose, get medical help or contact a Poison Control Center right away. 800-222-1222. Do not take more than directed. The smallest effective dose should be used. Do not take longer than 10 days, unless directed by a doctor (see Warnings). Adults and Children 12 Years and Older: Take 1 tablet every 4 to 6 hours while symptoms persist. If pain or fever does not respond to 1 tablet, 2 tablets may be used. Do not exceed 6 tablets in 24 hours, unless directed by a doctor. children Under 12 Years: Ask a doctor. Read all warnings and directions before use. Store at 68-77 degrees F (20-25 degrees C). Avoid high humidity and excessive heat above 104 degrees F (40 degrees C). Keep carton for reference. 917529.0 475817.0 193592.0 5
371914.0 $5.99 $0.06 / ea. CVS Health Extra Strength Acetaminophen Caplets, 100CT 1.0 Left side, back of store Health Essentials Pain Relief CVS Pharmacist recommended. Acetaminophen. Contains no aspirin. Pain reliever/fever reducer. Active Ingredient (in Each Caplet: Acetaminophen (500 mg). Inactive Ingredients: Carnauba Wax (May Contain One or More of These Ingredients), Croscarmellose Sodium (May Contain One or More of These Ingredients), Hypromellose, Polyethylene Glycol, Povidone, Sodium Metabisulfite (May Contain One or More of These Ingredients), Sodium Starch Glycolate (May Contain One or More of These Ingredients), Starch, Stearic Acid. Overdose Warning: Taking more than the recommended dose can cause serious health problems, including liver damage. in case of overdose, get medical help or contact a Poison Control Center right away. Quick medical attention is critical for adults as well as for children even if you do not notice any signs or symptoms. Alcohol Warning: If you consume 3 or more alcoholic drinks every day, ask your doctor if you should take acetaminophen or other pain relievers/fever reducers. Acetaminophen may cause liver damage. Do not use with any other product containing acetaminophen. Stop use and ask a doctor if: redness or swelling is present; new symptoms occur; fever gets worse or lasts for more than 3 days; pain gets worse or lasts for more than 10 days. If pregnant or breast-feeding, ask a health professional before use. Keep out of reach of children. Do not use if printed seal under cap is broken or missing. Do not use more than directed (see overdose warning). Adults and children 12 years and over: take 2 caplets every 6 hours as needed. Do not take more than 6 caplets in 24 hours. Children under 12 years: do not use this adult Extra Strength product in children under 12 years of age; this will provide more than the recommended dose (overdose) and could cause serious health problems. Store at room temperature (59-86 degrees F). 917529.0 306397.0 686584.0 9
371914.0 $8.49 $0.08 / ea. CVS Health Extra Strength Acetaminophen Caplets, 100CT 1.0 Right side, front of store Health Essentials Pain Relief CVS Pharmacist recommended. Acetaminophen. Contains no aspirin. Pain reliever/fever reducer. Active Ingredient (in Each Caplet: Acetaminophen (500 mg). Inactive Ingredients: Carnauba Wax (May Contain One or More of These Ingredients), Croscarmellose Sodium (May Contain One or More of These Ingredients), Hypromellose, Polyethylene Glycol, Povidone, Sodium Metabisulfite (May Contain One or More of These Ingredients), Sodium Starch Glycolate (May Contain One or More of These Ingredients), Starch, Stearic Acid. Overdose Warning: Taking more than the recommended dose can cause serious health problems, including liver damage. in case of overdose, get medical help or contact a Poison Control Center right away. Quick medical attention is critical for adults as well as for children even if you do not notice any signs or symptoms. Alcohol Warning: If you consume 3 or more alcoholic drinks every day, ask your doctor if you should take acetaminophen or other pain relievers/fever reducers. Acetaminophen may cause liver damage. Do not use with any other product containing acetaminophen. Stop use and ask a doctor if: redness or swelling is present; new symptoms occur; fever gets worse or lasts for more than 3 days; pain gets worse or lasts for more than 10 days. If pregnant or breast-feeding, ask a health professional before use. Keep out of reach of children. Do not use if printed seal under cap is broken or missing. Do not use more than directed (see overdose warning). Adults and children 12 years and over: take 2 caplets every 6 hours as needed. Do not take more than 6 caplets in 24 hours. Children under 12 years: do not use this adult Extra Strength product in children under 12 years of age; this will provide more than the recommended dose (overdose) and could cause serious health problems. Store at room temperature (59-86 degrees F). 917529.0 306397.0 686584.0 3
371971.0 $4.89 $0.05 / ea. CVS Health Ibuprofen 200mg Coated Tablets, 100CT 1.0 Right side, front of store Health Essentials Pain Relief For the temporary relief of headache, muscular aches, for the minor pain of arthritis, toothache, backache, minor aches and pains associated with the common cold, the pain of menstrual cramps, and for reduction of fever. Each Tablet: Ibuprofen 200 mg Allergy alert: Ibuprofen may cause a severe allergic reaction which may include: hives, facial swelling, asthma (wheezing), shock. Stomach bleeding warning: Taking more than recommended may cause stomach bleeding. Alcohol warning: If you consume 3 or more alcoholic drinks every day, ask your doctor whether you should take ibuprofen or other pain relievers/fever reducers. Ibuprofen may cause stomach bleeding. Do not use if you have ever had an allergic reaction to any other pain reliever/fever reducer. Ask a doctor before use if you have: problems or serious side effects from taking pain relievers or fever reducers; stomach problems that last or come back, such as heartburn, upset stomach, or pain; ulcers, bleeding problems; high blood pressure, heart or kidney disease, are taking a diuretic, or are over 65 years of age. Ask a doctor or pharmacist before use if you are: under a doctor's care for any serious condition; taking any other product that contains ibuprofen, or any other pain reliever/fever reducer; taking a prescription drug for anticoagulation (blood thinning); taking any other drug. When using this product take with food or milk if stomach upset occurs. Stop use and ask a doctor if: an allergic reaction occurs. Seek medical help right away; pain gets worse or lasts more than 10 days; fever gets worse or lasts more than 3 days; stomach pain or upset gets worse or lasts; redness or swelling is present in the painful area; any new symptoms appear. If pregnant or breast-feeding, ask a health professional before use. It is especially important not to use ibuprofen during the last 3 months of pregnancy unless definitely directed to do so by a doctor because it may cause problems in the unborn child or complications during delivery. Keep out of reach of children. In case of overdose, get medical help or contact a Poison Control Center right away. Do not take more than directed. Adults and children 12 years and older: Take 1 tablet every 4 to 6 hours while symptoms persist. If pain or fever does not respond to 1 tablet, 2 tablets may be used. Do not exceed 6 tablets in 24 hours, unless directed by a doctor. The smallest effective dose should be used. Children under 12 years: ask a doctor. Read all warnings and directions before use. 917529.0 306397.0 358135.0 0
371971.0 $6.99 $0.07 / ea. CVS Health Ibuprofen 200mg Coated Tablets, 100CT 1.0 Left side, back of store Health Essentials Pain Relief For the temporary relief of headache, muscular aches, for the minor pain of arthritis, toothache, backache, minor aches and pains associated with the common cold, the pain of menstrual cramps, and for reduction of fever. Each Tablet: Ibuprofen 200 mg Allergy alert: Ibuprofen may cause a severe allergic reaction which may include: hives, facial swelling, asthma (wheezing), shock. Stomach bleeding warning: Taking more than recommended may cause stomach bleeding. Alcohol warning: If you consume 3 or more alcoholic drinks every day, ask your doctor whether you should take ibuprofen or other pain relievers/fever reducers. Ibuprofen may cause stomach bleeding. Do not use if you have ever had an allergic reaction to any other pain reliever/fever reducer. Ask a doctor before use if you have: problems or serious side effects from taking pain relievers or fever reducers; stomach problems that last or come back, such as heartburn, upset stomach, or pain; ulcers, bleeding problems; high blood pressure, heart or kidney disease, are taking a diuretic, or are over 65 years of age. Ask a doctor or pharmacist before use if you are: under a doctor's care for any serious condition; taking any other product that contains ibuprofen, or any other pain reliever/fever reducer; taking a prescription drug for anticoagulation (blood thinning); taking any other drug. When using this product take with food or milk if stomach upset occurs. Stop use and ask a doctor if: an allergic reaction occurs. Seek medical help right away; pain gets worse or lasts more than 10 days; fever gets worse or lasts more than 3 days; stomach pain or upset gets worse or lasts; redness or swelling is present in the painful area; any new symptoms appear. If pregnant or breast-feeding, ask a health professional before use. It is especially important not to use ibuprofen during the last 3 months of pregnancy unless definitely directed to do so by a doctor because it may cause problems in the unborn child or complications during delivery. Keep out of reach of children. In case of overdose, get medical help or contact a Poison Control Center right away. Do not take more than directed. Adults and children 12 years and older: Take 1 tablet every 4 to 6 hours while symptoms persist. If pain or fever does not respond to 1 tablet, 2 tablets may be used. Do not exceed 6 tablets in 24 hours, unless directed by a doctor. The smallest effective dose should be used. Children under 12 years: ask a doctor. Read all warnings and directions before use. 917529.0 306397.0 358135.0 5
378687.0 $4.99 $0.59 / oz. Gold Emblem Fancy Whole Cashews Lightly Salted 3.0 Right side, half way down Food & Beverage Gold Emblem Fancy Whole Cashews are lightly salted with real sea salt, for a tasty crunch that's sure to satisfy. Contains 50% less sodium than our regular cashews. Per 1/4 Cup: 160 calories; 2.5 g sat fat (13% DV); 55 mg sodium (2% DV); 2 g sugars. Our commitment to quality means we shop carefully for ingredients, adjust recipes, and taste-test everything because in our house as in yours, what matters most is taste. In fact, we guarantee you'll love this item. We're Gold Emblem: Our standard is delicious. Cashews, Peanut and/or Canola and/or Cottonseed Oil, Sea Salt. Allergy Information: Contains cashews. May contain trace amounts of peanuts, almonds, Brazil nuts, filberts/hazelnuts, pecans, pistachios, coconut, macadamia nuts, walnuts, milk, soy, wheat. 0 917529.0 235584.0 155386.0 0
378687.0 $7.29 $0.86 / oz. Gold Emblem Fancy Whole Cashews Lightly Salted 3.0 Left side, back of store Food & Beverage Gold Emblem Fancy Whole Cashews are lightly salted with real sea salt, for a tasty crunch that's sure to satisfy. Contains 50% less sodium than our regular cashews. Per 1/4 Cup: 160 calories; 2.5 g sat fat (13% DV); 55 mg sodium (2% DV); 2 g sugars. Our commitment to quality means we shop carefully for ingredients, adjust recipes, and taste-test everything because in our house as in yours, what matters most is taste. In fact, we guarantee you'll love this item. We're Gold Emblem: Our standard is delicious. Cashews, Peanut and/or Canola and/or Cottonseed Oil, Sea Salt. Allergy Information: Contains cashews. May contain trace amounts of peanuts, almonds, Brazil nuts, filberts/hazelnuts, pecans, pistachios, coconut, macadamia nuts, walnuts, milk, soy, wheat. 0 917529.0 235584.0 155386.0 1
378687.0 $6.79 $0.80 / oz. Gold Emblem Fancy Whole Cashews Lightly Salted 3.0 Right side, half way down Food & Beverage Gold Emblem Fancy Whole Cashews are lightly salted with real sea salt, for a tasty crunch that's sure to satisfy. Contains 50% less sodium than our regular cashews. Per 1/4 Cup: 160 calories; 2.5 g sat fat (13% DV); 55 mg sodium (2% DV); 2 g sugars. Our commitment to quality means we shop carefully for ingredients, adjust recipes, and taste-test everything because in our house as in yours, what matters most is taste. In fact, we guarantee you'll love this item. We're Gold Emblem: Our standard is delicious. Cashews, Peanut and/or Canola and/or Cottonseed Oil, Sea Salt. Allergy Information: Contains cashews. May contain trace amounts of peanuts, almonds, Brazil nuts, filberts/hazelnuts, pecans, pistachios, coconut, macadamia nuts, walnuts, milk, soy, wheat. 0 917529.0 235584.0 155386.0 0
396146.0 $0.69 $0.01 / ea. CVS Health Cotton Swab, 50CT 2.0 Left side, half way down Beauty Many uses all over your home: first aid, beauty care, baby care. Soft and hygienic. 0 CAUTION: WHEN CLEANING EARS, USE IN OUTER EAR ONLY! 0 986114.0 829205.0 857242.0 4
396146.0 $0.99 $0.02 / ea. CVS Health Cotton Swab, 50CT 2.0 Right side, front of store Beauty Many uses all over your home: first aid, beauty care, baby care. Soft and hygienic. 0 CAUTION: WHEN CLEANING EARS, USE IN OUTER EAR ONLY! 0 986114.0 829205.0 857242.0 2
420392.0 $2.89 $1.11 / oz. Secret Powder Invisible Solid Fresh Scent Deo, 2.6 OZ 4.0 Left side, half way down Personal Care It's the one you've known and trusted for years for odor and wetness protection. pH-balanced to work with your body's natural chemistry, Secret Original Invisible Solid helps you stay confident during the day. Trust the odor and wetness fighting protection of Secret Original strong enough for a woman. Invisible Solid: Invisible protection, goes on dry.Our original, tried-and-trusted formula for odor and wetness protection.Trust our original, soft powder fresh scent.Secret Original powder fresh women's Invisible Solid antiperspirant/deodorant. Active Ingredients: Aluminum Zirconium Trichlorohydrex Gly. Inactive Ingredients: Cyclopentasiloxane, Stearyl Alcohol, C12-15 Alkyl Benzoate, PPG-14 Butyl Ether, Hydrogenated Castor Oil, Petrolatum, Phenyl Trimethicone, Talc, Cyclodextrin, Fragrance, Mineral Oil, Behenyl Alcohol. For external use only. Do not use on broken skin. Ask a doctor before use if you have kidney disease. Stop use if rash or irritation occurs. Keep out of reach of children. If swallowed, get medical help or contact a poison control center right away. Apply to underarms only. 338384.0 484266.0 844691.0 0
420392.0 $3.59 $1.38 / oz. Secret Powder Invisible Solid Fresh Scent Deo, 2.6 OZ 4.0 Right side, front of store Personal Care It's the one you've known and trusted for years for odor and wetness protection. pH-balanced to work with your body's natural chemistry, Secret Original Invisible Solid helps you stay confident during the day. Trust the odor and wetness fighting protection of Secret Original strong enough for a woman. Invisible Solid: Invisible protection, goes on dry.Our original, tried-and-trusted formula for odor and wetness protection.Trust our original, soft powder fresh scent.Secret Original powder fresh women's Invisible Solid antiperspirant/deodorant. Active Ingredients: Aluminum Zirconium Trichlorohydrex Gly. Inactive Ingredients: Cyclopentasiloxane, Stearyl Alcohol, C12-15 Alkyl Benzoate, PPG-14 Butyl Ether, Hydrogenated Castor Oil, Petrolatum, Phenyl Trimethicone, Talc, Cyclodextrin, Fragrance, Mineral Oil, Behenyl Alcohol. For external use only. Do not use on broken skin. Ask a doctor before use if you have kidney disease. Stop use if rash or irritation occurs. Keep out of reach of children. If swallowed, get medical help or contact a poison control center right away. Apply to underarms only. 338384.0 484266.0 844691.0 3
422000.0 $2.19 $0.55 / oz. CVS Health Stomach Relief Liquid Original, 4 OZ 1.0 Right side, half way down Health Essentials Stomach, Heartburn, Gas Relieves: diarrhea, heartburn, indigestion, nausea, upset stomach associated with these symptoms. Each Tbsp: Bismuth Subsalicylate 262 mg (Total Salicylate 130 mg Per Tbsp) Reye's syndrome: Children and teenagers who have or are recovering from chicken pox or flu-like symptoms should not use this product. When using this product, if changes in behavior with nausea and vomiting occur, consult a doctor because these symptoms could be an early sign of Reye's syndrome, a rare but serious illness. Allergy alert: Do not take if you are: allergic to salicylates (including aspirin), taking other salicylate products. Do not use if you have: bloody or black stool, an ulcer, a bleeding problem. Ask a doctor before use if you have: fever, mucus in the stool. Ask a doctor or pharmacist before use if you are taking any drug for: anticoagulation (thinning the blood), diabetes, gout, arthritis. When using this product a temporary, but harmless, darkening of the stool and/or tongue may occur. Stop use and ask a doctor if: symptoms get worse, ringing in the ears or loss of hearing occurs, diarrhea lasts more than 2 days. If pregnant or breast-feeding, ask a health professional before use. Keep out of reach of children. In case of overdose, get medical help or contact a Poison Control Center immediately. Shake well before use. For accurate dosing, use dose cup. Adults and children 12 years and over: 1 dose (2 tbsp or 30 mL) every 1/2 to 1 hour as needed. Do not exceed 8 doses (18 tbsp or 240 mL) in 24 hours. Use until diarrhea stops but not more than 2 days. Children under 12 years: Ask a doctor. Drink plenty of clear fluids to help prevent dehydration caused by diarrhea. 917529.0 230995.0 552588.0 0
422000.0 $3.09 $0.77 / oz. CVS Health Stomach Relief Liquid Original, 4 OZ 1.0 Left side, half way down Health Essentials Stomach, Heartburn, Gas Relieves: diarrhea, heartburn, indigestion, nausea, upset stomach associated with these symptoms. Each Tbsp: Bismuth Subsalicylate 262 mg (Total Salicylate 130 mg Per Tbsp) Reye's syndrome: Children and teenagers who have or are recovering from chicken pox or flu-like symptoms should not use this product. When using this product, if changes in behavior with nausea and vomiting occur, consult a doctor because these symptoms could be an early sign of Reye's syndrome, a rare but serious illness. Allergy alert: Do not take if you are: allergic to salicylates (including aspirin), taking other salicylate products. Do not use if you have: bloody or black stool, an ulcer, a bleeding problem. Ask a doctor before use if you have: fever, mucus in the stool. Ask a doctor or pharmacist before use if you are taking any drug for: anticoagulation (thinning the blood), diabetes, gout, arthritis. When using this product a temporary, but harmless, darkening of the stool and/or tongue may occur. Stop use and ask a doctor if: symptoms get worse, ringing in the ears or loss of hearing occurs, diarrhea lasts more than 2 days. If pregnant or breast-feeding, ask a health professional before use. Keep out of reach of children. In case of overdose, get medical help or contact a Poison Control Center immediately. Shake well before use. For accurate dosing, use dose cup. Adults and children 12 years and over: 1 dose (2 tbsp or 30 mL) every 1/2 to 1 hour as needed. Do not exceed 8 doses (18 tbsp or 240 mL) in 24 hours. Use until diarrhea stops but not more than 2 days. Children under 12 years: Ask a doctor. Drink plenty of clear fluids to help prevent dehydration caused by diarrhea. 917529.0 230995.0 552588.0 10
430151.0 $3.39 $0.19 / ea. CVS Health Tampons Light Absorbency Unscented 1.0 Left side, back of store Health Essentials Feminine Care Durable wrapper. Plastic applicator. Rounded tip for comfortable insertion. Easy-to-hold grip. Tampon expands to fit your individual form. Rayon and/or Cotton Fiber Blend; Polypropylene/Polyethylene Overwrap; Cotton String Tampons are associated with Toxic Shock Syndrome (TSS). TSS is a rare but serious disease that may cause death. Read and save the enclosed information. Please read and save the enclosed usage instructions. TAMPON ABSORBENCY RANGE: Tampons are available in four absorbency ranges. All tampon manufacturers are required to use the same absorbency ranges based on standard laboratory tests. Use this chart to compare the absorbency of these tampons to other brands. The risk of getting Toxic Shock Syndrome (TSS) increases with higher absorbency. You can reduce the risk of TSS by using the minimum absorbency that meets your needs. Light: less than 6 grams. Regular: 6-9 grams. Super: 9-12 grams. Super Plus: 12-15 grams. 845173.0 458343.0 318474.0 0
430151.0 $4.79 $0.27 / ea. CVS Health Tampons Light Absorbency Unscented 1.0 Right side, half way down Health Essentials Feminine Care Durable wrapper. Plastic applicator. Rounded tip for comfortable insertion. Easy-to-hold grip. Tampon expands to fit your individual form. Rayon and/or Cotton Fiber Blend; Polypropylene/Polyethylene Overwrap; Cotton String Tampons are associated with Toxic Shock Syndrome (TSS). TSS is a rare but serious disease that may cause death. Read and save the enclosed information. Please read and save the enclosed usage instructions. TAMPON ABSORBENCY RANGE: Tampons are available in four absorbency ranges. All tampon manufacturers are required to use the same absorbency ranges based on standard laboratory tests. Use this chart to compare the absorbency of these tampons to other brands. The risk of getting Toxic Shock Syndrome (TSS) increases with higher absorbency. You can reduce the risk of TSS by using the minimum absorbency that meets your needs. Light: less than 6 grams. Regular: 6-9 grams. Super: 9-12 grams. Super Plus: 12-15 grams. 845173.0 458343.0 318474.0 7
430151.0 $4.59 $0.26 / ea. CVS Health Tampons Light Absorbency Unscented 1.0 Left side, half way down Health Essentials Feminine Care Durable wrapper. Plastic applicator. Rounded tip for comfortable insertion. Easy-to-hold grip. Tampon expands to fit your individual form. Rayon and/or Cotton Fiber Blend; Polypropylene/Polyethylene Overwrap; Cotton String Tampons are associated with Toxic Shock Syndrome (TSS). TSS is a rare but serious disease that may cause death. Read and save the enclosed information. Please read and save the enclosed usage instructions. TAMPON ABSORBENCY RANGE: Tampons are available in four absorbency ranges. All tampon manufacturers are required to use the same absorbency ranges based on standard laboratory tests. Use this chart to compare the absorbency of these tampons to other brands. The risk of getting Toxic Shock Syndrome (TSS) increases with higher absorbency. You can reduce the risk of TSS by using the minimum absorbency that meets your needs. Light: less than 6 grams. Regular: 6-9 grams. Super: 9-12 grams. Super Plus: 12-15 grams. 845173.0 458343.0 318474.0 5
432279.0 $6.19 $0.26 / ea. CVS Health Acid Reducer Tablets Maximum Strength, 24CT 1.0 Right side, front of store Health Essentials Stomach, Heartburn, Gas Ranitidine tablets USP, 150 mg. Prevents & relieves heartburn associated with acid indigestion and sour stomach. 24 doses. CVS Pharmacist recommended. Compare to the active ingredients of Zantac 150 (This product is not manufactured or distributed by Boehringer Ingelheim Pharmaceuticals, Inc., distributor of Zantac 150. Zantac is a registered trademark of Boehringer Ingelheim Pharmaceuticals, Inc). This product is sugar free. Manufactured in India. Active Ingredient (in Each Tablet): Ranitidine (150 mg as Ranitidine Hydrochloride, USP 168 mg). Inactive Ingredients: FD&C Red 40, Hypromellose, Iron Oxide Black, Magnesium Stearate, Microcrystalline Cellulose, Polyethylene Glycol, Titanium Dioxide. Allergy Alert: Do not use if you are allergic to ranitidine or other acid reducers. Do not use if you have trouble or pain swallowing food, vomiting with blood, or bloody or black stools (These may be signs of a serious condition. See your doctor); with other acid reducers; if you have kidney disease, except under the advice and supervision of a doctor. Ask a doctor before use if you have had heartburn over 3 months (This may be a sign of a more serious condition); heartburn with lightheadedness, sweating or dizziness, chest pain or shoulder pain with shortness of breath, sweating; pain spreading to arms, neck or shoulders, or lightheadedness; frequent chest pain; frequent wheezing, particularly with heartburn; unexplained weight loss; nausea or vomiting; stomach pain. Stop Use and ask a doctor if your heartburn continues or worsens; you need to take this product for more than 14 days. If pregnant or breast-feeding, ask a health professional before use. Keep out of reach of children. In case of overdose, get medical help or contact a Poison Control Center right away. Individual blister unit sealed for your protection. Important: Read the directions, consumer information leaflet and warnings before use. Keep the carton. It contains important information. Adults and Children 12 Years and Over: To relieve symptoms, swallow 1 tablet with a glass of water. To prevent symptoms, swallow 1 tablet with a glass of water 30 to 60 minutes before eating food or drinking beverages that cause heartburn. Can be used up to twice daily (do not take more than 2 tablets in 24 hours). Children Under 12 Years: Ask a doctor. Store at 68-77 degrees F (20-25 degrees C). Avoid excessive heat or humidity. Protect from light. 917529.0 230995.0 422000.0 9
432279.0 $8.79 $0.37 / ea. CVS Health Acid Reducer Tablets Maximum Strength, 24CT 1.0 Right side, half way down Health Essentials Stomach, Heartburn, Gas Ranitidine tablets USP, 150 mg. Prevents & relieves heartburn associated with acid indigestion and sour stomach. 24 doses. CVS Pharmacist recommended. Compare to the active ingredients of Zantac 150 (This product is not manufactured or distributed by Boehringer Ingelheim Pharmaceuticals, Inc., distributor of Zantac 150. Zantac is a registered trademark of Boehringer Ingelheim Pharmaceuticals, Inc). This product is sugar free. Manufactured in India. Active Ingredient (in Each Tablet): Ranitidine (150 mg as Ranitidine Hydrochloride, USP 168 mg). Inactive Ingredients: FD&C Red 40, Hypromellose, Iron Oxide Black, Magnesium Stearate, Microcrystalline Cellulose, Polyethylene Glycol, Titanium Dioxide. Allergy Alert: Do not use if you are allergic to ranitidine or other acid reducers. Do not use if you have trouble or pain swallowing food, vomiting with blood, or bloody or black stools (These may be signs of a serious condition. See your doctor); with other acid reducers; if you have kidney disease, except under the advice and supervision of a doctor. Ask a doctor before use if you have had heartburn over 3 months (This may be a sign of a more serious condition); heartburn with lightheadedness, sweating or dizziness, chest pain or shoulder pain with shortness of breath, sweating; pain spreading to arms, neck or shoulders, or lightheadedness; frequent chest pain; frequent wheezing, particularly with heartburn; unexplained weight loss; nausea or vomiting; stomach pain. Stop Use and ask a doctor if your heartburn continues or worsens; you need to take this product for more than 14 days. If pregnant or breast-feeding, ask a health professional before use. Keep out of reach of children. In case of overdose, get medical help or contact a Poison Control Center right away. Individual blister unit sealed for your protection. Important: Read the directions, consumer information leaflet and warnings before use. Keep the carton. It contains important information. Adults and Children 12 Years and Over: To relieve symptoms, swallow 1 tablet with a glass of water. To prevent symptoms, swallow 1 tablet with a glass of water 30 to 60 minutes before eating food or drinking beverages that cause heartburn. Can be used up to twice daily (do not take more than 2 tablets in 24 hours). Children Under 12 Years: Ask a doctor. Store at 68-77 degrees F (20-25 degrees C). Avoid excessive heat or humidity. Protect from light. 917529.0 230995.0 422000.0 0
443504.0 $4.99 $0.31 / oz. Gold Emblem Classic Blend Trail Mix 3.0 Right side, front of store Food & Beverage Peanuts, raisins, M&M's chocolate candy, almonds & cashews. 0 g trans fat per serving. Per 1/4 Cup: 140 calories; 1.5 g sat fat (8% DV); 65 mg sodium (3% DV); 10 g sugars. Gold Emblem Classic Blend Trail Mix is a sea-salted blend of crunchy nuts, chewy raisins, and sweet M&M's chocolate candy. Our commitment to quality means we shop carefully for ingredients, adjust recipes, and taste-test everything because in our house as in yours, what matters most is taste. In fact, we guarantee you'll love this item. We're Gold Emblem: Our standard is delicious. Peanuts, Raisins, M&M's Chocolate Candy (Milk Chocolate [Sugar, Chocolate, Skim Milk, Cocoa Butter, Lactose, Milkfat, Soy Lecithin, Salt, Artificial Flavors], Sugar, Cornstarch, Corn Syrup, Dextrin, Coloring [Includes Blue 1 Lake, Red 40 Lake, Yellow 6, Yellow 5, Red 40, Blue 1, Blue 2 Lake, Yellow 6 Lake, Yellow 5 Lake, Blue 2], Gum Acacia), Almonds, Cashews, Canola and/or Peanut and/or Cottonseed Oil, Sea Salt. Allergy Information: Contains peanuts, milk, soy, almonds, cashews. May contain trace amounts of Brazil nuts, filberts/hazelnuts, macadamia nuts, pistachios, pecans, walnuts, coconut, wheat. 0 917529.0 378687.0 235584.0 10
443504.0 $7.29 $0.46 / oz. Gold Emblem Classic Blend Trail Mix 3.0 Left side, back of store Food & Beverage Peanuts, raisins, M&M's chocolate candy, almonds & cashews. 0 g trans fat per serving. Per 1/4 Cup: 140 calories; 1.5 g sat fat (8% DV); 65 mg sodium (3% DV); 10 g sugars. Gold Emblem Classic Blend Trail Mix is a sea-salted blend of crunchy nuts, chewy raisins, and sweet M&M's chocolate candy. Our commitment to quality means we shop carefully for ingredients, adjust recipes, and taste-test everything because in our house as in yours, what matters most is taste. In fact, we guarantee you'll love this item. We're Gold Emblem: Our standard is delicious. Peanuts, Raisins, M&M's Chocolate Candy (Milk Chocolate [Sugar, Chocolate, Skim Milk, Cocoa Butter, Lactose, Milkfat, Soy Lecithin, Salt, Artificial Flavors], Sugar, Cornstarch, Corn Syrup, Dextrin, Coloring [Includes Blue 1 Lake, Red 40 Lake, Yellow 6, Yellow 5, Red 40, Blue 1, Blue 2 Lake, Yellow 6 Lake, Yellow 5 Lake, Blue 2], Gum Acacia), Almonds, Cashews, Canola and/or Peanut and/or Cottonseed Oil, Sea Salt. Allergy Information: Contains peanuts, milk, soy, almonds, cashews. May contain trace amounts of Brazil nuts, filberts/hazelnuts, macadamia nuts, pistachios, pecans, walnuts, coconut, wheat. 0 917529.0 378687.0 235584.0 2
443504.0 $6.89 $0.43 / oz. Gold Emblem Classic Blend Trail Mix 3.0 Right side, half way down Food & Beverage Peanuts, raisins, M&M's chocolate candy, almonds & cashews. 0 g trans fat per serving. Per 1/4 Cup: 140 calories; 1.5 g sat fat (8% DV); 65 mg sodium (3% DV); 10 g sugars. Gold Emblem Classic Blend Trail Mix is a sea-salted blend of crunchy nuts, chewy raisins, and sweet M&M's chocolate candy. Our commitment to quality means we shop carefully for ingredients, adjust recipes, and taste-test everything because in our house as in yours, what matters most is taste. In fact, we guarantee you'll love this item. We're Gold Emblem: Our standard is delicious. Peanuts, Raisins, M&M's Chocolate Candy (Milk Chocolate [Sugar, Chocolate, Skim Milk, Cocoa Butter, Lactose, Milkfat, Soy Lecithin, Salt, Artificial Flavors], Sugar, Cornstarch, Corn Syrup, Dextrin, Coloring [Includes Blue 1 Lake, Red 40 Lake, Yellow 6, Yellow 5, Red 40, Blue 1, Blue 2 Lake, Yellow 6 Lake, Yellow 5 Lake, Blue 2], Gum Acacia), Almonds, Cashews, Canola and/or Peanut and/or Cottonseed Oil, Sea Salt. Allergy Information: Contains peanuts, milk, soy, almonds, cashews. May contain trace amounts of Brazil nuts, filberts/hazelnuts, macadamia nuts, pistachios, pecans, walnuts, coconut, wheat. 0 917529.0 378687.0 235584.0 10
444238.0 $17.99 $0.60 / ea. CVS Health Allergy Relief, Cetirizine 10 Mg Tablets 1.0 Left side, half way down Health Essentials Allergy Relief Allergy Relief Cetirizine Hydrochloride Tablets, 10mg, 30 Count.Antihistamine.Original Prescription Strength.Compare to the active ingredient in Zyrtec Tablets.For indoor and outdoor allergies.24 Hour allergy relief.Uses: Temporarily relieves these symptoms due to hay fever or other upper respiratory allergies: Sneezing, runny nose, itchy, watery eyes, itching of the throat or nose.One month supply. Inactive Ingredients: Corn Starch, FD&C Blue No. 1 Aluminum Lake, Hypromellose, Lactose Monohydrate, Magnesium Stearate, Polydextrose, Polyethylene Glycol, Povidone, Titanium Dioxide, Triacetin.Drug FactsServing Size: 1 TabletServings Per Container: Active Ingredients NutrientAmount per Serving% Daily ValueCetirizine HCl10mg  Do not use: If you have ever had an allergic reaction to this product or any of its ingredients or to an antihistamine containing hydroxyzine. Ask a doctor before use if you have liver or kidney disease. Your doctor should determine if you need a different dose. Ask a doctor or pharmacist before use if you are taking tranquilizers or sedatives. When using this product: Drowsiness may occur, avoid alcoholic drinks, alcohol, sedatives and tranquilizers may increase drowsiness, be careful when driving a motor vehicle or operating machinery. Stop use and ask a doctor if an allergic reaction to this product occurs. Seek medical help right away. If pregnant or breast-feeding: If breast-feeding: not recommended, if pregnant: Ask a health professional before use. Keep out of reach of children. In case of overdose, get medical help or contact a Poison Control Center right away. Do not use if calm shell is open or printed foil under cap of bottle is broken or missing. Directions: Adults and children 6 years and over: One 10mg tablet once daily; do not take more than one 10mg tablet in 24 hours. A 5mg product may be appropriate for less severe symptoms. Adults 65 years and over - ask a doctor. Children under 6 years of age - ask a doctor. Consumers with liver or kidney disease - ask a doctor. Store between 20 to 25C (68 to 77F). 238246.0 645036.0 797076.0 7
444238.0 $12.49 $0.42 / ea. CVS Health Allergy Relief, Cetirizine 10 Mg Tablets 1.0 Right side, half way down Health Essentials Allergy Relief Allergy Relief Cetirizine Hydrochloride Tablets, 10mg, 30 Count.Antihistamine.Original Prescription Strength.Compare to the active ingredient in Zyrtec Tablets.For indoor and outdoor allergies.24 Hour allergy relief.Uses: Temporarily relieves these symptoms due to hay fever or other upper respiratory allergies: Sneezing, runny nose, itchy, watery eyes, itching of the throat or nose.One month supply. Inactive Ingredients: Corn Starch, FD&C Blue No. 1 Aluminum Lake, Hypromellose, Lactose Monohydrate, Magnesium Stearate, Polydextrose, Polyethylene Glycol, Povidone, Titanium Dioxide, Triacetin.Drug FactsServing Size: 1 TabletServings Per Container: Active Ingredients NutrientAmount per Serving% Daily ValueCetirizine HCl10mg  Do not use: If you have ever had an allergic reaction to this product or any of its ingredients or to an antihistamine containing hydroxyzine. Ask a doctor before use if you have liver or kidney disease. Your doctor should determine if you need a different dose. Ask a doctor or pharmacist before use if you are taking tranquilizers or sedatives. When using this product: Drowsiness may occur, avoid alcoholic drinks, alcohol, sedatives and tranquilizers may increase drowsiness, be careful when driving a motor vehicle or operating machinery. Stop use and ask a doctor if an allergic reaction to this product occurs. Seek medical help right away. If pregnant or breast-feeding: If breast-feeding: not recommended, if pregnant: Ask a health professional before use. Keep out of reach of children. In case of overdose, get medical help or contact a Poison Control Center right away. Do not use if calm shell is open or printed foil under cap of bottle is broken or missing. Directions: Adults and children 6 years and over: One 10mg tablet once daily; do not take more than one 10mg tablet in 24 hours. A 5mg product may be appropriate for less severe symptoms. Adults 65 years and over - ask a doctor. Children under 6 years of age - ask a doctor. Consumers with liver or kidney disease - ask a doctor. Store between 20 to 25C (68 to 77F). 238246.0 645036.0 797076.0 2
448480.0 $7.29 $7.29 / ea. Beauty 360 Extreme Curl Eyelash Curler 5.0 Right side, front of store Create full, sweeping lashes in a single squeeze. This expertly crafted eyelash  curler features a perfectly angled head, comfortable lash pads that won't pinch  or pull lashes, and an easy-hold handle to prevent slipping for superior  control. 0 Keep out of reach of children. Always curl lashes before applying mascara. Center open curler near base lashes  and gentle squeeze handles. Work along lash line for desired  curl.CARE INSTRUCTIONS:Use cotton pad with alcohol  to clean. Replace lash pad when to extend life of curler. 350772.0 715973.0 829205.0 9
451300.0 $10.49 $0.75 / ea. CVS Health Omeprazole Acid Reducer 20mg, 14CT 5.0 Left side, front of store #REF! Active Ingredient (in Each Tablet): Omeprazole Delayed-Release Tablet (20 mg). Inactive Ingredients: Carnauba Wax, Ferric Oxide Red, Ferric Oxide Yellow, Hypromellose, Hypromellose Acetate Succinate, Lactose Monohydrate, Monoethanolamine, Propylene Glycol, Sodium Lauryl Sulfate, Sodium Starch Glycolate, Sodium Stearate, Sodium Stearyl Fumarate, Talc, Titanium Dioxide, Triethyl Citrate. Allergy Alert: Do not use if you are allergic to omeprazole. Do not use if you have trouble or pain swallowing food, vomiting with blood, or bloody or black stools. These may be signs of a serious condition. See your doctor. Ask a doctor before use if you have: had heartburn over 3 months (This may be a sign of a more serious condition.); heartburn with lightheadedness, sweating or dizziness; chest pain or shoulder pain with shortness of breath, sweating, pain spreading to arms, neck or shoulders, or lightheadedness; frequent chest pain; frequent wheezing, particularly with heartburn; unexplained weight loss; nausea or vomiting; stomach pain. Ask a doctor or pharmacist before use if you are taking: warfarin, clopidogrel or cilostazol (blood-thinning medicines); prescription antifungal or anti-yeast medicines; diazepam (anxiety medicine); digoxin (heart medicine); tacrolimus (immune system medicine); prescription antiretroviral (medicines for HIV infection). Stop use and ask a doctor if: your heartburn continues or worsens; you need to take this product for more than 14 days; you need to take more than 1 course of treatment every 4 months. If pregnant or breast-feeding, ask a health professional before use. Keep out of reach of children. In case of overdose, get medical help or contact a Poison Control Center right away. (1-800-222-1222). Safety feature - do not use if printed tablet blister unit is open or torn. Adults 18 years of age and older. This product is to be used once a day (every 24 hours), every day for 14 days. It may take 1 to 4 days for full effect, although some people get complete relief of symptoms within 24 hours. 14-Day Course of Treatment: swallow 1 tablet with a glass of water before eating in the morning; take every day for 14 days; do not take more than 1 tablet a day; do not chew or crush the tablets; do not crush tablets in food; do not use for more than 14 days unless directed by your doctor. Repeated 14-Day Courses (if needed): you may repeat a 14-day course every 4 months; do not take for more than 14 days or more often than every 4 months unless directed by a doctor. Children Under 18 Years of Age; ask a doctor. Heartburn in children may sometimes be caused by a serious condition. Read the directions, warnings, and package insert before use. Keep the carton and package insert. They contain important information. Store at 68-77 degrees F (20-25 degrees C). Keep product out of high heat and humidity. Protect product from moisture. 230995.0 432279.0 422000.0 2
454376.0 $2.29 $0.03 / ea. CVS Health Dental Flossers Mint, 90CT 1.0 Left side, back of store Health Essentials Oral Health Shred resistant, slides easily between teeth, removes food & plaque 0 0 0 192868.0 873481.0 957301.0 3
454376.0 $3.19 $0.04 / ea. CVS Health Dental Flossers Mint, 90CT 1.0 Right side, half way down Health Essentials Oral Health Shred resistant, slides easily between teeth, removes food & plaque 0 0 0 192868.0 873481.0 957301.0 3
454376.0 $2.99 $0.03 / ea. CVS Health Dental Flossers Mint, 90CT 1.0 Left side, half way down Health Essentials Oral Health Shred resistant, slides easily between teeth, removes food & plaque 0 0 0 192868.0 873481.0 957301.0 2
458343.0 $3.69 $0.23 / ea. CVS Health Max Strength Menstrual Relief Caplets, 16CT 1.0 Left side, back of store Health Essentials Feminine Care Acetaminophen/Caffeine/Pyrilamine Maleate Pain Reliever/Stimulant/ Diuretic. Menstrual complete. Maximum strength relief of: cramps, bloating, fatigue, backache & headache. CVS pharmacist recommended. Aspirin-free. Active Ingredients (in each Caplet): Acetaminophen (500 mg), Caffeine (60 mg), Pyrilamine Maleate (15 mg). Inactive Ingredients: Cellulose, Croscarmellose Sodium, Hypromellose, Magnesium Stearate, Polydextrose, Polyethylene Glycol, Silica Gel, Stearic Acid, Titanium Dioxide, Triacetin. Alcohol warning: If you consume 3 or more alcoholic drinks every day, ask your doctor whether you should take acetaminophen or other pain relievers/fever reducers. Acetaminophen may cause liver damage. Caffeine warning: The recommended dose of this product contains about as much caffeine as a cup of coffee. Limit the use of caffeine-containing medications, foods, or beverages because too much caffeine may cause nervousness, irritability, sleeplessness, and occasionally, rapid heartbeat. Do not use with any other product containing acetaminophen. Ask a doctor before use if you have a breathing problem such as emphysema or chronic bronchitis; glaucoma; difficulty in urination due to enlargement of the prostate gland. Ask a doctor or pharmacist before use if you are taking sedatives or tranquilizers. When using this product you may get drowsy; avoid alcoholic beverages; alcohol, sedatives and tranquilizers may increase drowsiness; excitability may occur, especially in children; use caution when driving a motor vehicle or operating machinery. Stop use and ask a doctor if new symptoms occur; redness or swelling is present; pain gets worse or lasts more than 10 days. If pregnant or breast-feeding, ask a health professional before use. Keep out of the reach of children. In case of overdose, get medical help or contact a Poison Control Center right away. Prompt medical attention is critical for adults as well as for children even if you do not notice any signs or symptoms. Tamper Evident: Do not use if carton is opened or if blister unit is torn, broken or shows any signs of tampering. Retain carton for complete product information. Adults and Children 12 Years and Over: Take 2 caplets with water, repeat every 6 hours as needed, up to a maximum of 8 caplets per day. Children Under Age 12: Do not use this adult product in children under 12 years of age; this will provide more than the recommended dose (overdose) and could cause serious healthy problems. Store at controlled room temperature 15 to 30 degrees C (59 to 86 degrees F). 845173.0 218629.0 430151.0 3
458343.0 $5.19 $0.32 / ea. CVS Health Max Strength Menstrual Relief Caplets, 16CT 1.0 Left side, front of store Health Essentials Feminine Care Acetaminophen/Caffeine/Pyrilamine Maleate Pain Reliever/Stimulant/ Diuretic. Menstrual complete. Maximum strength relief of: cramps, bloating, fatigue, backache & headache. CVS pharmacist recommended. Aspirin-free. Active Ingredients (in each Caplet): Acetaminophen (500 mg), Caffeine (60 mg), Pyrilamine Maleate (15 mg). Inactive Ingredients: Cellulose, Croscarmellose Sodium, Hypromellose, Magnesium Stearate, Polydextrose, Polyethylene Glycol, Silica Gel, Stearic Acid, Titanium Dioxide, Triacetin. Alcohol warning: If you consume 3 or more alcoholic drinks every day, ask your doctor whether you should take acetaminophen or other pain relievers/fever reducers. Acetaminophen may cause liver damage. Caffeine warning: The recommended dose of this product contains about as much caffeine as a cup of coffee. Limit the use of caffeine-containing medications, foods, or beverages because too much caffeine may cause nervousness, irritability, sleeplessness, and occasionally, rapid heartbeat. Do not use with any other product containing acetaminophen. Ask a doctor before use if you have a breathing problem such as emphysema or chronic bronchitis; glaucoma; difficulty in urination due to enlargement of the prostate gland. Ask a doctor or pharmacist before use if you are taking sedatives or tranquilizers. When using this product you may get drowsy; avoid alcoholic beverages; alcohol, sedatives and tranquilizers may increase drowsiness; excitability may occur, especially in children; use caution when driving a motor vehicle or operating machinery. Stop use and ask a doctor if new symptoms occur; redness or swelling is present; pain gets worse or lasts more than 10 days. If pregnant or breast-feeding, ask a health professional before use. Keep out of the reach of children. In case of overdose, get medical help or contact a Poison Control Center right away. Prompt medical attention is critical for adults as well as for children even if you do not notice any signs or symptoms. Tamper Evident: Do not use if carton is opened or if blister unit is torn, broken or shows any signs of tampering. Retain carton for complete product information. Adults and Children 12 Years and Over: Take 2 caplets with water, repeat every 6 hours as needed, up to a maximum of 8 caplets per day. Children Under Age 12: Do not use this adult product in children under 12 years of age; this will provide more than the recommended dose (overdose) and could cause serious healthy problems. Store at controlled room temperature 15 to 30 degrees C (59 to 86 degrees F). 845173.0 218629.0 202309.0 4
458343.0 $5.19 $0.32 / ea. CVS Health Max Strength Menstrual Relief Caplets, 16CT 1.0 Left side, front of store Health Essentials Feminine Care Acetaminophen/Caffeine/Pyrilamine Maleate Pain Reliever/Stimulant/ Diuretic. Menstrual complete. Maximum strength relief of: cramps, bloating, fatigue, backache & headache. CVS pharmacist recommended. Aspirin-free. Active Ingredients (in each Caplet): Acetaminophen (500 mg), Caffeine (60 mg), Pyrilamine Maleate (15 mg). Inactive Ingredients: Cellulose, Croscarmellose Sodium, Hypromellose, Magnesium Stearate, Polydextrose, Polyethylene Glycol, Silica Gel, Stearic Acid, Titanium Dioxide, Triacetin. Alcohol warning: If you consume 3 or more alcoholic drinks every day, ask your doctor whether you should take acetaminophen or other pain relievers/fever reducers. Acetaminophen may cause liver damage. Caffeine warning: The recommended dose of this product contains about as much caffeine as a cup of coffee. Limit the use of caffeine-containing medications, foods, or beverages because too much caffeine may cause nervousness, irritability, sleeplessness, and occasionally, rapid heartbeat. Do not use with any other product containing acetaminophen. Ask a doctor before use if you have a breathing problem such as emphysema or chronic bronchitis; glaucoma; difficulty in urination due to enlargement of the prostate gland. Ask a doctor or pharmacist before use if you are taking sedatives or tranquilizers. When using this product you may get drowsy; avoid alcoholic beverages; alcohol, sedatives and tranquilizers may increase drowsiness; excitability may occur, especially in children; use caution when driving a motor vehicle or operating machinery. Stop use and ask a doctor if new symptoms occur; redness or swelling is present; pain gets worse or lasts more than 10 days. If pregnant or breast-feeding, ask a health professional before use. Keep out of the reach of children. In case of overdose, get medical help or contact a Poison Control Center right away. Prompt medical attention is critical for adults as well as for children even if you do not notice any signs or symptoms. Tamper Evident: Do not use if carton is opened or if blister unit is torn, broken or shows any signs of tampering. Retain carton for complete product information. Adults and Children 12 Years and Over: Take 2 caplets with water, repeat every 6 hours as needed, up to a maximum of 8 caplets per day. Children Under Age 12: Do not use this adult product in children under 12 years of age; this will provide more than the recommended dose (overdose) and could cause serious healthy problems. Store at controlled room temperature 15 to 30 degrees C (59 to 86 degrees F). 845173.0 218629.0 430151.0 1
458343.0 $4.79 $0.30 / ea. CVS Health Max Strength Menstrual Relief Caplets, 16CT 1.0 Right side, front of store Health Essentials Feminine Care Acetaminophen/Caffeine/Pyrilamine Maleate Pain Reliever/Stimulant/ Diuretic. Menstrual complete. Maximum strength relief of: cramps, bloating, fatigue, backache & headache. CVS pharmacist recommended. Aspirin-free. Active Ingredients (in each Caplet): Acetaminophen (500 mg), Caffeine (60 mg), Pyrilamine Maleate (15 mg). Inactive Ingredients: Cellulose, Croscarmellose Sodium, Hypromellose, Magnesium Stearate, Polydextrose, Polyethylene Glycol, Silica Gel, Stearic Acid, Titanium Dioxide, Triacetin. Alcohol warning: If you consume 3 or more alcoholic drinks every day, ask your doctor whether you should take acetaminophen or other pain relievers/fever reducers. Acetaminophen may cause liver damage. Caffeine warning: The recommended dose of this product contains about as much caffeine as a cup of coffee. Limit the use of caffeine-containing medications, foods, or beverages because too much caffeine may cause nervousness, irritability, sleeplessness, and occasionally, rapid heartbeat. Do not use with any other product containing acetaminophen. Ask a doctor before use if you have a breathing problem such as emphysema or chronic bronchitis; glaucoma; difficulty in urination due to enlargement of the prostate gland. Ask a doctor or pharmacist before use if you are taking sedatives or tranquilizers. When using this product you may get drowsy; avoid alcoholic beverages; alcohol, sedatives and tranquilizers may increase drowsiness; excitability may occur, especially in children; use caution when driving a motor vehicle or operating machinery. Stop use and ask a doctor if new symptoms occur; redness or swelling is present; pain gets worse or lasts more than 10 days. If pregnant or breast-feeding, ask a health professional before use. Keep out of the reach of children. In case of overdose, get medical help or contact a Poison Control Center right away. Prompt medical attention is critical for adults as well as for children even if you do not notice any signs or symptoms. Tamper Evident: Do not use if carton is opened or if blister unit is torn, broken or shows any signs of tampering. Retain carton for complete product information. Adults and Children 12 Years and Over: Take 2 caplets with water, repeat every 6 hours as needed, up to a maximum of 8 caplets per day. Children Under Age 12: Do not use this adult product in children under 12 years of age; this will provide more than the recommended dose (overdose) and could cause serious healthy problems. Store at controlled room temperature 15 to 30 degrees C (59 to 86 degrees F). 845173.0 218629.0 202309.0 2
472249.0 $6.29 $6.29 / ea. Beauty 360 Vitamin E Blender 5.0 Left side, half way down Infused with vitamin E, this latex-free premium blender sponge ensures a flawless application every time, and the exclusive micropore formulation won't absorb excess makeup.Beauty applications:.Liquid foundation.Moisturizers.Oils.CC creams.BB creams.Made in USA. 0 0 Direction for use: Step 1: Soak sponge and squeeze out excess water. Thoroughly rinse reservoir cup prior to first use. Step 2: Apply a small amount of product to inside of reservoir and apply to face using a short, circular motion. Step 3: Squeeze sponge periodically to release additional product. Reload reservoir as necessary. Step 4: Use reservoir cup for large coverage areas such as forehead and cheeks. Use pointed tip for hard- to-reach areas around eyes, nose and mouth. Cleansing instructions: After use, rinse sponge with water to remove excess product. Wash with a gentle cleanser and warm water. Stand flat on reservoir side on an absorbent surface. Let air dry overnight. 829205.0 350772.0 350581.0 9
475817.0 $4.49 $0.22 / ea. CVS Health Ibuprofen PM Caplets 1.0 Left side, front of store Health Essentials Sleep Pain reliever (NSAID) nighttime sleep-aid. Ibuprofen and diphenhydramine citrate tablets, 200 mg/38 mg. Compare to the active ingredients in Advil PM. (CVS/pharmacy Ibuprofen PM Caplets are not manufactured or distributed by Wyeth Consumer Healthcare, distributor of Advil PM.) Capsule shaped tablets. Active Ingredients (in Each Caplet): Diphenhydramine Citrate (38 mg), Ibuprofen (200 mg) (NSAID) (Nonsteroidal Anti-Inflammatory Drug). Inactive Ingredients: Colloidal Silicon Dioxide, Croscarmellose Sodium, FD&C Blue No. 2 Aluminum Lake, Glyceryl Behenate, Hydroxypropyl Cellulose, Iron Oxide Black, Lactose Monohydrate, Magnesium Stearate, Microcrystalline Cellulose, Polyethylene Glycol, Polyvinyl Alcohol, Pregelatinized Starch, Talc, Titanium Dioxide. Do not use if printed seal under cap is broken or missing. Allergy Alert: Ibuprofen may cause a severe reaction, especially in people allergic to aspirin. Symptoms may include: hives; facial swelling; asthma (wheezing); shock; skin reddening; rash; blisters. If an allergic reaction occurs, stop use and seek medical help right away. Stomach Bleeding Warning: This product contains an NSAID, which may cause severe stomach bleeding. The chance is higher if you: are age 60 or older; have had stomach ulcers or bleeding problems; take a blood thinning (anticoagulant) or steroid drug; take other drugs containing prescription or nonprescription NSAIDs (aspirin, ibuprofen, naproxen, or others); have 3 or more alcoholic drinks every day while using this product; take more or for a longer time than directed. Do not use: if you have ever had an allergic reaction to any other pain reliever/fever reducer; unless you have time for a full night's sleep; in children under 12 years of age; right before or after heart surgery; with any other product containing diphenhydramine, even one used on skin; if you have sleeplessness without pain. Ask a doctor before use if: stomach bleeding warning applies to you; you have a history of stomach problems, such as heartburn; you have high blood pressure, heart disease, liver cirrhosis, or kidney disease; you are taking a diuretic; you have a breathing problem such as emphysema or chronic bronchitis; you have asthma; you have glaucoma; you have trouble urinating due to an enlarged prostate gland. Ask a doctor or pharmacist before use if you are: taking sedatives or tranquilizers, or any other sleep-aid; under a doctor's care for any continuing medical illness; taking any other antihistamines; taking aspirin for heart attack or stroke, because ibuprofen may decrease this benefit of aspirin; taking any other drug. When using this product: drowsiness will occur; avoid alcoholic drinks; do not drive a motor vehicle or operate machinery; take with food or milk if stomach upset occurs; the risk of heart attack or stroke may increase if you use more than directed or for longer than directed. Stop use and ask a doctor if: you experience any of the following signs of stomach bleeding: feel faint, vomit blood, have bloody or black stools, have stomach pain that does not get better; sleeplessness persists continuously for more than 2 weeks (insomnia may be a symptom of a serious underlying medical illness.); redness or swelling is present in the painful area; any new symptoms appear. If pregnant or breast-feeding, ask a health professional before use. It is especially important not to use ibuprofen during the last 3 months of pregnancy unless definitely directed to do so by a doctor because it may cause problems in the unborn child or complications during delivery. Keep out of reach of children. In case of overdose, get medical help or contact a poison control center right away. (1-800-222-1222). Do not take more than directed. Do not take longer than 10 days, unless directed by a doctor. Adults and children 12 years and over: take 2 caplets at bedtime. Do not take more than 2 caplets in 24 hours. Read all warnings and directions before use. Keep carton. Store at 68-77 degrees F (20-25 degrees C). Avoid excessive heat above 104 degrees F (40 degrees C). Read and keep carton for complete warnings and information. 917529.0 358135.0 193592.0 10
477069.0 $11.99 $0.12 / ea. CVS Health Allergy Relief Diphenhydramine Tablets,100CT 1.0 Right side, half way down Health Essentials Allergy Relief Diphendydramine hydrochloride 25 mg. Antihistamine. For Allergy Relief: Sneezing, runny nose, itchy, watery eyes, itchy throat. CVS Pharmacist recommended. Easy to swallow. Each Tablet Contains: Calcium 20 mg. Active Ingredient (in each Tablet): Diphenhydramine Hydrochloride (25 mg). Inactive Ingredients: Carnauba Wax, Crospovidone, D&C Red 27 Aluminum Lake, Dibasic Calcium Phosphate, Hypromellose, Magnesium Stearate, Microcrystalline Cellulose, Polyethylene Glycol, Polysorbate 80, Starch, Stearic Acid, Titanium Dioxide. Do Not Use: To make child sleepy, with any other product containing diphenhydramine, even one used on skin. Ask a Doctor Before Use if you Have: Trouble urinating due to an enlarged prostate gland, glaucoma, a breathing problem such as emphysema or chronic bronchitis. Ask a doctor or pharmacist before use if you are taking sedatives or tranquilizers. When Using this Product: Avoid alcoholic drinks, marked drowsiness may occur, alcohol, sedatives and tranquilizers may increase drowsiness, excitability may occur, especially in children, be careful when driving a motor vehicle or operating machinery. If pregnant or breast-feeding, ask a health professional before use. Keep out of reach of children. In case of overdose, get medical help or contact a Poison Control Center right away. Take every 4 to 6 hours, not more than 6 doses in 24 hours. Adults and children 12 years of age and over, 1 or 2 tablets. Children 6 to under 12 years of age, 1 tablet. Children 4 to under 6 years of age, do not use unless directed by a doctor. Children under 4 years of age, do not use. Store at 68-77 degrees F (20-25 degrees C). 238246.0 645036.0 797076.0 1
477069.0 $8.49 $0.08 / ea. CVS Health Allergy Relief Diphenhydramine Tablets,100CT 1.0 Right side, front of store Health Essentials Allergy Relief Diphendydramine hydrochloride 25 mg. Antihistamine. For Allergy Relief: Sneezing, runny nose, itchy, watery eyes, itchy throat. CVS Pharmacist recommended. Easy to swallow. Each Tablet Contains: Calcium 20 mg. Active Ingredient (in each Tablet): Diphenhydramine Hydrochloride (25 mg). Inactive Ingredients: Carnauba Wax, Crospovidone, D&C Red 27 Aluminum Lake, Dibasic Calcium Phosphate, Hypromellose, Magnesium Stearate, Microcrystalline Cellulose, Polyethylene Glycol, Polysorbate 80, Starch, Stearic Acid, Titanium Dioxide. Do Not Use: To make child sleepy, with any other product containing diphenhydramine, even one used on skin. Ask a Doctor Before Use if you Have: Trouble urinating due to an enlarged prostate gland, glaucoma, a breathing problem such as emphysema or chronic bronchitis. Ask a doctor or pharmacist before use if you are taking sedatives or tranquilizers. When Using this Product: Avoid alcoholic drinks, marked drowsiness may occur, alcohol, sedatives and tranquilizers may increase drowsiness, excitability may occur, especially in children, be careful when driving a motor vehicle or operating machinery. If pregnant or breast-feeding, ask a health professional before use. Keep out of reach of children. In case of overdose, get medical help or contact a Poison Control Center right away. Take every 4 to 6 hours, not more than 6 doses in 24 hours. Adults and children 12 years of age and over, 1 or 2 tablets. Children 6 to under 12 years of age, 1 tablet. Children 4 to under 6 years of age, do not use unless directed by a doctor. Children under 4 years of age, do not use. Store at 68-77 degrees F (20-25 degrees C). 238246.0 645036.0 797076.0 4
477072.0 $5.99 $1.50 / oz. CVS Health Allergy Liquid Cherry Flavored 1.0 Left side, half way down Health Essentials Allergy Relief Children's Allergy Relief Liquid Medication, Cherry Flavor, 4 OZ.Diphenhydramine HCl Oral Solution 12.5mg/5mL.Antihistamine.Cherry flavor.Compare to the active ingredient in Children's Benadryl Allergy Liquid.Alcohol-free.Uses: Temporarily relieves these symptoms due to hay fever or other upper respiratory allergies: Sneezing, itching of the nose or throat, runny nose, itchy, watery eyes.Each 5mL (1 tsp) contains: Sodium 15mg. Inactive Ingredients: Anhydrous Citric Acid, D&C Red #33, FD&C Red #40, Flavor, Glycerin, High Fructose Corn Syrup, Poloxamer 407, Purified Water, Sodium Benzoate, Sodium Chloride, Sodium Citrate, Sorbitol Solution.Drug FactsServing Size: In Each 5mL = 1 TeaspoonfulServings Per Container: Active Ingredients NutrientAmount per Serving% Daily ValueDiphenhydramine HCl12.5mg  Do not use: With any other product containing diphenhydramine, even one used on skin, to make a child sleepy. Ask a doctor before use if the child has: A breathing problem such as chronic bronchitis, glaucoma and a sodium-restricted diet. Ask a doctor or pharmacist before use if the child is taking sedatives or tranquilizers. When using this product: Marked drowsiness may occur, excitability may occur, especially in children, sedatives and tranquilizers may increase drowsiness. Keep out of reach of children. In case of overdose, get medical help or contact a poison control center right away. Do not use if printed neckband is broken or missing. Find right dose on chart below; tsp = teaspoonful, take every 4 to 6 hours or as directed by a doctor, do not take more than 6 doses in 24 hours. Children under 2 years: Do not use. Children 2 to 5 years: Do not use unless directed by a doctor. Children 6 to 11 years: 5mL (1 tsp) to 10mL (2 tsp). Attention: Use only enclosed dosing cup specifically designed for use with this product. Do not use any other dosing device. Store at 20 to 25C (68 to 77F). Protect from light. Store in outer carton until contents used. 917529.0 261925.0 862227.0 10
478071.0 $8.49 $2.85 / oz. CVS Health Ultra Sheer Lotion Sunscreen SPF 30, 3 OZ 4.0 Left side, back of store Personal Care The Skin Cancer Foundation recommends this product as an effective aid in the prevention of sun-induced damage to the skin, including sunburn and possibly premature aging. When used regularly in the prescribed manner, this product may also help reduce the potential risk of skin cancer due to over exposure to sunlight.Broad-spectrum UVA/UVB protection. Water resistant. Light & clean, absorbs quickly, non-greasy feel. Dermatologist tested. Advanced formulation provides broad spectrum UVA/UVB protection. CVS/pharmacy Ultra Dry Sheer Lotion Sunscreen SPF 30 utilizes a unique formula that provides dependable broad spectrum UVA/UVB protection while leaving skin smooth and soft. This non-greasy formula absorbs quickly making reapplying a snap! Specially formulated so that it won't clog pores. May be used on the face. Gentle enough for use on sensitive skin. Water resistant. Sweat resistant. Won't clog pores. Oil-free & PABA free.This item is FSA (Flexible Spending Account) eligible. Active Ingredients: Avobenzone (2.0%), Homosalate (7.0%), Octinoxate (7.5%), Octisalate (5.0%), Oxybenzone (3.0%). Inactive Ingredients: Water, Silica, Adipic Acid/Diethylene Glycol/Glycerin Crosspolymer, VP/Hexadecene Copolymer, Dimethicone, Hydroxyethyl Acrylate/Sodium Acryloyldimethyltaurate Copolymer, Glycerin, Oat (Aveena Sativa) Kernel Extract, Squalane, Ascorbyl Palmitate, Retinyl Palmitate, Tocopheryl Acetate, BHT, Cetyl Dimethicone, Bisabolol, Dipotassium Glycyrrhizate, Glyceryl Stearate, PEG-100 Stearate, Polysorbate 60, Tetrasodium EDTA, Butylene Glycol, Trimethylsiloxysilicate, Xanthan Gum, Benzyl Alcohol, Isopropylparaben, Isobutylparaben, Butylparaben, Phenoxyethanol, Fragrance. For external use only. When using this product keep out of eyes. Rinse with water to remove. Stop use and ask a doctor if rash or irritation develops and lasts. Keep out of reach of children. If swallowed, get medical help or contact a Poison Control Center right away. May stain some fabrics. Sun Alert: Limiting sun exposure, wearing protective clothing, and using sunscreen may reduce the risks of aging, skin cancer, and other harmful effects of the sun. Apply generously and evenly before sun exposure and as needed. Reapply as needed or after towel drying, swimming, or perspiring. Children of 6 Months of Age: Ask a doctor. 164177.0 322436.0 917529.0 0
482594.0 $4.69 $0.47 / ea. Beauty 360 Nail Polish Remover Pads, 10CT 5.0 Left side, front of store #REF! Ingredients: Acetone, Water, Glycerin, Fragrance, Benzyl Benzoate, Denatonium Benzoate, Retinyl Palmitate, Tocopheryl Acetate, Benzophenone-1. Extremely flammable. Pads, liquid and vapors may ignite. Do not use wile smoking. Do not store near fire, flame or heat. Irritating to eyes and mucous membranes. Harmful if swallowed in inhaled. In case of accidental eye contact, immediately flush eyes with water, remove any contact lenses and continue to flush eyes with water for at least 15 minutes. In case of accidental skin contact, wash affected area. Contact a doctor if irritation develops or persists. In case of accidental ingestion, do not induce vomiting. Call a Poison Control Center immediately. Harmful to synthetic fabrics, wood finishes, leather and plastics. Keep out of reach of children. Do not use on artificial nails. Using pad, gently rub polish from all nails. Wash hands after using. 990038.0 990025.0 213584.0 8
484266.0 $4.39 $1.10 / ea. Beauty 360 3-Blade Lavender Disposable Razors, 4CT 4.0 Right side, half way down Personal Care Sensitive skin. With aloe & vitamin E. Botanical moisture strip. Pivoting head with triple blades glides smoothly over your every curve. Soft touch handle for a better grip. Blades made in USA. 0 0 0 338384.0 420392.0 844691.0 2
484266.0 $6.29 $1.57 / ea. Beauty 360 3-Blade Lavender Disposable Razors, 4CT 4.0 Right side, half way down Personal Care Sensitive skin. With aloe & vitamin E. Botanical moisture strip. Pivoting head with triple blades glides smoothly over your every curve. Soft touch handle for a better grip. Blades made in USA. 0 0 0 338384.0 420392.0 844691.0 3
484266.0 $5.99 $1.50 / ea. Beauty 360 3-Blade Lavender Disposable Razors, 4CT 4.0 Right side, front of store Personal Care Sensitive skin. With aloe & vitamin E. Botanical moisture strip. Pivoting head with triple blades glides smoothly over your every curve. Soft touch handle for a better grip. Blades made in USA. 0 0 0 338384.0 420392.0 844691.0 0
500900.0 $8.49 $0.34 / ea. Beauty 360 Replenish Facial Cleansing Cloths, 25CT 5.0 Right side, back of store Infused with sweet Almond Oil, Cotton Flower, and Vitamin E to deeply moisturize, the Replenish Facial Cleansing Cloths restore lost hydration as they effortlessly remove makeup and wipe away the day. Ideal for dry, sensitive skin. Dermatologist tested. Biodegradable. WATER, BUTYLENE GLYCOL, POLOXAMER 184, POLYSORBATE 20, GLYCERIN, PHENOXYETHANOL, FRAGRANCE, SODIUM BENZOATE, DISODIUM EDTA, PRUNUS AMYGDALUS DULCIS (SWEET ALMOND) OIL, TOCOPHERYL ACETATE, BENZOIC ACID, HYDROXYETHYLCELLULOSE, DEHYDROACETIC ACID, SODIUM HYDROXIDE, GOSSYPIUM HERBACEUM (COTTON) FLOWER EXTRACT, CITRIC ACID, POTASSIUM SORBATE CAUTION: Discontinue use if rash, redness, or itching occurs. Do not flush. 0 341106.0 829205.0 320988.0 0
517391.0 $3.49 $0.25 / ea. CVS Health Nasal Decongestant PE, 14CT 1.0 Right side, back of store Health Essentials Cough & Cold Relieves:Nasal & sinus congestionSinus pressureQuality is our commitment!Products that help you stay well and be well. 0  DO NOT USE IF BLISTER CARD IS BROKEN OR TORN OPENING INSTRUCTIONSTear away side panel on rightPress and hold button on leftPull out medication card on right. 917529.0 645036.0 320711.0 6
517391.0 $5.00 $0.36 / ea. CVS Health Nasal Decongestant PE, 14CT 1.0 Right side, back of store Health Essentials Cough & Cold Relieves:Nasal & sinus congestionSinus pressureQuality is our commitment!Products that help you stay well and be well. 0  DO NOT USE IF BLISTER CARD IS BROKEN OR TORN OPENING INSTRUCTIONSTear away side panel on rightPress and hold button on leftPull out medication card on right. 917529.0 645036.0 320711.0 0
536565.0 $1.69 $0.68 / oz. Gillette Shave Gel Sensitive Skin, 2.5 OZ 4.0 Left side, front of store Personal Care Get an incredibly smooth shave with Gillette series sensitive shave gel. Its triple action formula with aloe hydrates to soften hair, lubricates to help protect and is lightly fragranced to refresh. Infused with aloe, includes lubricating ingredients to help protect against irritation during shaving.3X Action formula hydrates, protects, refreshes, hydrates to soften hair and lubricates to help protect.Lightly fragranced to refresh. Gillette series sensitive shave gel delivers protection and comfort. Ingredients: Water/Eau, Palmitic acid, Triethanolamine, Isopentane, Glyceryl oleate, Stearic acid, Isobutane, Sorbitol, Fragrance/Parfum, Hydroxyethylcellulose, PEG-90m, PEG-23M, Aloe Barbadensis Leaf Juice, Blue 1. Container may explode if heated. Contents under pressure. Do not place in hot water or near radiators, stoves or other sources of heat. Do not puncture or incinerate container or store at temperatures above 48C/120F. Keep out of reach of children. 0 919507.0 629097.0 844691.0 6
536565.0 $2.09 $0.84 / oz. Gillette Shave Gel Sensitive Skin, 2.5 OZ 4.0 Left side, front of store Personal Care Get an incredibly smooth shave with Gillette series sensitive shave gel. Its triple action formula with aloe hydrates to soften hair, lubricates to help protect and is lightly fragranced to refresh. Infused with aloe, includes lubricating ingredients to help protect against irritation during shaving.3X Action formula hydrates, protects, refreshes, hydrates to soften hair and lubricates to help protect.Lightly fragranced to refresh. Gillette series sensitive shave gel delivers protection and comfort. Ingredients: Water/Eau, Palmitic acid, Triethanolamine, Isopentane, Glyceryl oleate, Stearic acid, Isobutane, Sorbitol, Fragrance/Parfum, Hydroxyethylcellulose, PEG-90m, PEG-23M, Aloe Barbadensis Leaf Juice, Blue 1. Container may explode if heated. Contents under pressure. Do not place in hot water or near radiators, stoves or other sources of heat. Do not puncture or incinerate container or store at temperatures above 48C/120F. Keep out of reach of children. 0 919507.0 629097.0 844691.0 3
536565.0 $1.99 $0.80 / oz. Gillette Shave Gel Sensitive Skin, 2.5 OZ 4.0 Left side, back of store Personal Care Get an incredibly smooth shave with Gillette series sensitive shave gel. Its triple action formula with aloe hydrates to soften hair, lubricates to help protect and is lightly fragranced to refresh. Infused with aloe, includes lubricating ingredients to help protect against irritation during shaving.3X Action formula hydrates, protects, refreshes, hydrates to soften hair and lubricates to help protect.Lightly fragranced to refresh. Gillette series sensitive shave gel delivers protection and comfort. Ingredients: Water/Eau, Palmitic acid, Triethanolamine, Isopentane, Glyceryl oleate, Stearic acid, Isobutane, Sorbitol, Fragrance/Parfum, Hydroxyethylcellulose, PEG-90m, PEG-23M, Aloe Barbadensis Leaf Juice, Blue 1. Container may explode if heated. Contents under pressure. Do not place in hot water or near radiators, stoves or other sources of heat. Do not puncture or incinerate container or store at temperatures above 48C/120F. Keep out of reach of children. 0 919507.0 629097.0 844691.0 10
552588.0 $3.49 $0.25 / ea. CVS Health Diarrhea Relief, Lopermide HCI, 2mg 14CT tab 1.0 Left side, front of store Health Essentials Stomach, Heartburn, Gas Use: Controls symptoms of diarrhea, including travelers' diarrhea Ingredients: Anhydrous Lactose, Carnauba Wax, D and C Yellow No. 10 Aluminum Lake, FD and C Blue No. 1 Aluminum Lake, Hypromellose, Magnesium Stearate, Microcrystalline Cellulose, Polyethylene Glycol, Pregelatinized Starch. Allergy alert: Do not use if you have ever had a rash or other allergic reaction to loperamide HCl.Do not use if you have bloody or black stool.Ask a doctor before use if you have: Fever, mucus in the stool, a history of liver disease.Ask a doctor or pharmacist before use if you are taking antibiotics.When using this product: Tiredness, drowsiness or dizziness may occur. Be careful when driving or operating machinery.Stop use and ask a doctor if:Symptoms get worseDiarrhea lasts for more than 2 daysYou get abdominal swelling or bulging. These may be signs of a serious conditionIf pregnant or breast-feeding, ask a health professional before use.Keep out of reach of children. In case of overdose, get medical help or contact a Poison Control Center right away.Other information:Store at 20 deg to 25 deg C (68 deg to 77 deg F)See back panel for lot number and expiration dateDo not use if blister card is broken or torn. Drink plenty of clear fluids to help prevent dehydration caused by diarrheaFind right dose on chart. If possible, use weight to dose; otherwise, use ageAdults and children 12 years and over: 2 Caplets after the first loose stool; 1 caplet each subsequent loose stool; but no more than 4 caplets in 24-hourChildren 9 to 11 years (60 to 95 LB): 1 Caplet after the first loose stool; 1/2 caplet after each subsequent loose stool; but no more than 3 caplets in 24-hourChildren 6 to 8 years (48 to 59 LB): 1 Caplet after the first loose stool; 1/2 caplet after each subsequent loose stool; but no more than 2 caplets in 24-hourChildren under 6 years (up to 47 LB): Ask a doctorOpening instructions:Tear away side panel on rightPress and hold button on leftPull out medication card on right 917529.0 422000.0 206805.0 3
552588.0 $5.00 $0.36 / ea. CVS Health Diarrhea Relief, Lopermide HCI, 2mg 14CT tab 1.0 Right side, half way down Health Essentials Stomach, Heartburn, Gas Use: Controls symptoms of diarrhea, including travelers' diarrhea Ingredients: Anhydrous Lactose, Carnauba Wax, D and C Yellow No. 10 Aluminum Lake, FD and C Blue No. 1 Aluminum Lake, Hypromellose, Magnesium Stearate, Microcrystalline Cellulose, Polyethylene Glycol, Pregelatinized Starch. Allergy alert: Do not use if you have ever had a rash or other allergic reaction to loperamide HCl.Do not use if you have bloody or black stool.Ask a doctor before use if you have: Fever, mucus in the stool, a history of liver disease.Ask a doctor or pharmacist before use if you are taking antibiotics.When using this product: Tiredness, drowsiness or dizziness may occur. Be careful when driving or operating machinery.Stop use and ask a doctor if:Symptoms get worseDiarrhea lasts for more than 2 daysYou get abdominal swelling or bulging. These may be signs of a serious conditionIf pregnant or breast-feeding, ask a health professional before use.Keep out of reach of children. In case of overdose, get medical help or contact a Poison Control Center right away.Other information:Store at 20 deg to 25 deg C (68 deg to 77 deg F)See back panel for lot number and expiration dateDo not use if blister card is broken or torn. Drink plenty of clear fluids to help prevent dehydration caused by diarrheaFind right dose on chart. If possible, use weight to dose; otherwise, use ageAdults and children 12 years and over: 2 Caplets after the first loose stool; 1 caplet each subsequent loose stool; but no more than 4 caplets in 24-hourChildren 9 to 11 years (60 to 95 LB): 1 Caplet after the first loose stool; 1/2 caplet after each subsequent loose stool; but no more than 3 caplets in 24-hourChildren 6 to 8 years (48 to 59 LB): 1 Caplet after the first loose stool; 1/2 caplet after each subsequent loose stool; but no more than 2 caplets in 24-hourChildren under 6 years (up to 47 LB): Ask a doctorOpening instructions:Tear away side panel on rightPress and hold button on leftPull out medication card on right 917529.0 422000.0 206805.0 8
562512.0 $5.29 $0.16 / oz. CVS Health Adult Electrolyte Lemon Lime, 33 OZ 5.0 Left side, front of store CVS Health adult oral electrolyte solution is designed to prevent dehydration due to diarrhea and vomiting more effectively than sports drinks, sodas, juices and water.Replaces electrolytesNaturally flavored with other natural flavorsContains no fruit juiceElectrolyte sodium in CVS Health adult oral electrolyte solution compared to common beverages.Level of electrolyte sodium to help replace losses during diarrhea.CVS Health adult oral electrolyte solution provides (per liter): Sodium 45 mEq, potassium 20 mEq, chloride 35 mEq, Zinc 7.8mg, dextrose 25g, calories 100. Ingredients: Water, Dextrose, Less Than 1% Of: Citric Acid, Less Than 1% Of: Potassium Citrate, Less Than 1% Of: Sodium Chloride, Less Than 1% Of: Sodium Citrate, Less Than 1% Of: Acesulfame Potassium, Less Than 1% Of: Zinc Gluconate, Less Than 1% Of: Natural Flavor, Less Than 1% Of: Sucralose, Less Than 1% Of: FD&C Yellow #5. Use under medical supervision. Do not add water or dilute. Ready to use. Tastes best served cold. Not intended for children under 1 year of age. Begin with small frequent sips every 15 minutes. Increase serving size as tolerated. Continue to use for as long as symptoms are present. To maintain proper hydration, 1 to 2 liters (32 to 64 OZ) of CVS Health adult oral electrolyte solution may be needed per day. Consult your doctor if vomiting, fever or diarrhea continues beyond 24 hours or if consumption needs are greater than 2 liters (64 OZ) per day. Instructions: Do not use if printed band around cap or inner seal is missing or broken. Remove protective neckband and twist off cap. Remove and throw away protective inner seal. After opening, replace cap, refrigerate and use within 48-hour. Store unopened containers in a cool place. Avoid excessive heat. Do not reuse bottle. 358135.0 422000.0 230995.0 8
576356.0 $1.19 $0.85 / oz. Gold Emblem Abound Sea Salt & Dark Chocolate Nut Bar 3.0 Left side, front of store Food & Beverage Free from artificial preservatives & flavors.6g protein per bar.Product of Canada. Ingredients: Almonds, dark chocolate flavored coating (sugar palm kernel oil cocoa powder whole milk powder soy lecithin-anemulsifier salt), peanuts, honey, rice syrup, walnuts, crisp rice (rice flour sugar calcium carbonate salt), chicory root extract, sea salt, soy lecithin -an emulsifier, may contain wheat, may contain other.Nutrition FactsServing Size: 1 BarServings Per Container: NutrientAmount per Serving% Daily ValueCalories210 Calories from Fat140 Total Fat15g23%Saturated Fat4g20%Trans Fat0g Cholestrolmg0%Sodium110mg5%Total Carbohydrate17g6%Fiber3g12%Sugars11g Protein6g5%Vitamin A 0%Vitamin C 0%Calcium 4%Iron 6% 0 0 917529.0 999855.0 999758.0 8
576356.0 $1.77 $1.26 / oz. Gold Emblem Abound Sea Salt & Dark Chocolate Nut Bar 3.0 Right side, front of store Food & Beverage Free from artificial preservatives & flavors.6g protein per bar.Product of Canada. Ingredients: Almonds, dark chocolate flavored coating (sugar palm kernel oil cocoa powder whole milk powder soy lecithin-anemulsifier salt), peanuts, honey, rice syrup, walnuts, crisp rice (rice flour sugar calcium carbonate salt), chicory root extract, sea salt, soy lecithin -an emulsifier, may contain wheat, may contain other.Nutrition FactsServing Size: 1 BarServings Per Container: NutrientAmount per Serving% Daily ValueCalories210 Calories from Fat140 Total Fat15g23%Saturated Fat4g20%Trans Fat0g Cholestrolmg0%Sodium110mg5%Total Carbohydrate17g6%Fiber3g12%Sugars11g Protein6g5%Vitamin A 0%Vitamin C 0%Calcium 4%Iron 6% 0 0 917529.0 999855.0 999758.0 2
590737.0 $4.59 $0.77 / ea. CVS Health Blister Cushions Toe and Heel, Assorted, 6CT 1.0 Right side, front of store Health Essentials First Aid CVS Health blister cushions protect painful blister from rubbing and friction. Able to flex and bend with your foot, they are designed to stay in place for up to several days (holding time varies per individual use), giving the blister long-lasting protection.Two - 1.65 x 2.67 in., Two - 1.33 x 2.12 in., Two - 0.66 x 2.32 in.Cushions, protects and helps relieve painReduces rubbing and frictionLong-lasting adhesiveWaterproof adhesiveFor toe and heelMade in the U.S.A. with domestic and imported ingredients This item is FSA (Flexible Spending Account) eligible. 0 For external use only. Not for use to treat cuts, scrapes, or broken skin. Avoid contact with eyes or other mucous membranes. Do not use if you are a diabetic with poor circulation or have fragile skin. Single use only. If blister ruptures, redness, or swelling occurs, discontinue use and consult a physician. Do not use on any infected area. If blister condition does not improve, see your doctor. Do not use on children under 2 years of age. For serious medical emergencies seek professional help.  1. Clean and dry before use. 2. Peel away paper liner, and place cushion over blister area. Do not handle adhesive side of cushion. 3. Keep cushions over area to be protected for as long as it remains in place. Cushion is designed to stay on for multiple days. 4. Remove cushion by loosening edge and gently pulling cushion sideways to release seal. Do not reapply after removal. 322436.0 950987.0 276878.0 3
590737.0 $6.49 $1.08 / ea. CVS Health Blister Cushions Toe and Heel, Assorted, 6CT 1.0 Left side, front of store Health Essentials First Aid CVS Health blister cushions protect painful blister from rubbing and friction. Able to flex and bend with your foot, they are designed to stay in place for up to several days (holding time varies per individual use), giving the blister long-lasting protection.Two - 1.65 x 2.67 in., Two - 1.33 x 2.12 in., Two - 0.66 x 2.32 in.Cushions, protects and helps relieve painReduces rubbing and frictionLong-lasting adhesiveWaterproof adhesiveFor toe and heelMade in the U.S.A. with domestic and imported ingredients This item is FSA (Flexible Spending Account) eligible. 0 For external use only. Not for use to treat cuts, scrapes, or broken skin. Avoid contact with eyes or other mucous membranes. Do not use if you are a diabetic with poor circulation or have fragile skin. Single use only. If blister ruptures, redness, or swelling occurs, discontinue use and consult a physician. Do not use on any infected area. If blister condition does not improve, see your doctor. Do not use on children under 2 years of age. For serious medical emergencies seek professional help.  1. Clean and dry before use. 2. Peel away paper liner, and place cushion over blister area. Do not handle adhesive side of cushion. 3. Keep cushions over area to be protected for as long as it remains in place. Cushion is designed to stay on for multiple days. 4. Remove cushion by loosening edge and gently pulling cushion sideways to release seal. Do not reapply after removal. 322436.0 950987.0 276878.0 2
590737.0 $6.29 $1.05 / ea. CVS Health Blister Cushions Toe and Heel, Assorted, 6CT 1.0 Right side, half way down Health Essentials First Aid CVS Health blister cushions protect painful blister from rubbing and friction. Able to flex and bend with your foot, they are designed to stay in place for up to several days (holding time varies per individual use), giving the blister long-lasting protection.Two - 1.65 x 2.67 in., Two - 1.33 x 2.12 in., Two - 0.66 x 2.32 in.Cushions, protects and helps relieve painReduces rubbing and frictionLong-lasting adhesiveWaterproof adhesiveFor toe and heelMade in the U.S.A. with domestic and imported ingredients This item is FSA (Flexible Spending Account) eligible. 0 For external use only. Not for use to treat cuts, scrapes, or broken skin. Avoid contact with eyes or other mucous membranes. Do not use if you are a diabetic with poor circulation or have fragile skin. Single use only. If blister ruptures, redness, or swelling occurs, discontinue use and consult a physician. Do not use on any infected area. If blister condition does not improve, see your doctor. Do not use on children under 2 years of age. For serious medical emergencies seek professional help.  1. Clean and dry before use. 2. Peel away paper liner, and place cushion over blister area. Do not handle adhesive side of cushion. 3. Keep cushions over area to be protected for as long as it remains in place. Cushion is designed to stay on for multiple days. 4. Remove cushion by loosening edge and gently pulling cushion sideways to release seal. Do not reapply after removal. 322436.0 950987.0 276878.0 0
629097.0 $3.19 $1.06 / oz. Old Spice Fresh High Endurance Invisible Solid Deo 4.0 Right side, half way down Personal Care Using this is like chumming the air for pretty ladies who are doctors that supermodel in their spare time. They won't be able to see the source of the square-jawed quarterbackliness hanging in the air until they start biting on you. And by then, it's way too late for them.Contains the fresh, model-pleasing scent of victory.Comes in crisp, clean scents cooked up in our Old Spice scent kitchen.Increases your awesomeabilityness.Creates desire to climb tall mountains simply because they exist. Ingredients: Aluminum Zirconium Tetrachlorohydrex Gly (19% Anhydrous), Cyclopentasiloxane, Stearyl Alcohol, Phenyl Trimethicone, Hydrogenated Castor Oil, PEG 8 Distearate, Fragrance, Mineral Oil, Silica, Behenyl Alcohol. For external use only. Do not use on broken skin. Ask a doctor before use if you have kidney disease. Stop use if rash or irritation occurs. Keep out of reach of children. If swallowed, get medical help or contact a poison control center right away. Apply to underarms only. Turn dial to raise product. Apply a thin, even layer to underarms. To ensure product appears clear on skin, do not over-apply. 919507.0 536565.0 844691.0 8
629097.0 $3.99 $1.33 / oz. Old Spice Fresh High Endurance Invisible Solid Deo 4.0 Right side, back of store Personal Care Using this is like chumming the air for pretty ladies who are doctors that supermodel in their spare time. They won't be able to see the source of the square-jawed quarterbackliness hanging in the air until they start biting on you. And by then, it's way too late for them.Contains the fresh, model-pleasing scent of victory.Comes in crisp, clean scents cooked up in our Old Spice scent kitchen.Increases your awesomeabilityness.Creates desire to climb tall mountains simply because they exist. Ingredients: Aluminum Zirconium Tetrachlorohydrex Gly (19% Anhydrous), Cyclopentasiloxane, Stearyl Alcohol, Phenyl Trimethicone, Hydrogenated Castor Oil, PEG 8 Distearate, Fragrance, Mineral Oil, Silica, Behenyl Alcohol. For external use only. Do not use on broken skin. Ask a doctor before use if you have kidney disease. Stop use if rash or irritation occurs. Keep out of reach of children. If swallowed, get medical help or contact a poison control center right away. Apply to underarms only. Turn dial to raise product. Apply a thin, even layer to underarms. To ensure product appears clear on skin, do not over-apply. 919507.0 536565.0 844691.0 8
645036.0 $0.57 $0.04 / ea. Pocket Pack Facial Tissues, 15CT 1.0 Left side, back of store Health Essentials Cough & Cold Pocket pack facial tissues 0 0 0 799023.0 320711.0 938778.0 3
686584.0 $3.19 $0.13 / ea. CVS Health Extra Strength Pain Relief 500 Mg Caplets, 24CT 1.0 Left side, half way down Health Essentials Pain Relief Extra strength Acetaminophen 500mg caplet active ingredient is 500mg of Acetaminophen and may be used as a pain reliever/fever reducer for adults and children 12 years and over.Easy to swallow, aspirin and caffeine free and gluten free.This product should not be used with other medicines containing Acetaminophen. Inactive ingredients: Carnauba Wax, Corn Starch, Croscarmellose Sodium, Hypromellose, Polyethylene Glycol, Povidone, Pregelatinized Starch, Sodium Starch Glycolate, Stearic Acid, May contain one or more of these Ingredients.Drug FactsServing Size: 1 CapletServings Per Container: Active Ingredients NutrientAmount per Serving% Daily ValueAcetaminophen500mg  Liver warning: This product contains acetaminophen. Severe liver damage may occur if you take: More than 4,000mg of Acetaminophen in 24 hours adults and children, with other drugs containing acetaminophen 12 years and over, 3 or more alcoholic drinks every day while using this product. Allergy alert: Acetaminophen may cause severe skin reactions. Symptoms may include: Skin reddening, blisters, rash. If a skin reaction occurs, stop use and seek medical help right away. Do not use: With any other drug containing acetaminophen (prescription or nonprescription).If you are not sure whether a drug contains acetaminophen, ask a doctor or pharmacist. If you have ever had an allergic reaction to this product or any of its ingredients. Ask a doctor before use if you have liver disease. Ask a doctor or pharmacist before use if you are taking the blood thinning drug Warfarin. Stop use and ask a doctor if: Pain gets worse or lasts more than 10 days, fever gets worse or lasts more than 3 days, new symptoms occur, redness or swelling is present. These could be signs of a serious condition. If pregnant or breast-feeding, ask a health professional before use. Keep out of reach of children. In case of over dose, get a medical attention is critical for adults as well as for children even if you do not notice any signs or symptoms. Do not take more than directed: Adults and children 12 years and over: Take 2 caplet every 6 hours while symptoms last, do not take more than 6 caplets in 24 hours, unless directed by a doctor, do not use for more than 10 days unless directed by a doctor. Children under 12 years ask a doctor. Store at 20-25° C (68-77° F). 917529.0 475817.0 193592.0 8
686584.0 $4.59 $0.19 / ea. CVS Health Extra Strength Pain Relief 500 Mg Caplets 1.0 Left side, front of store Health Essentials Pain Relief Extra strength Acetaminophen 500mg caplet active ingredient is 500mg of Acetaminophen and may be used as a pain reliever/fever reducer for adults and children 12 years and over.Easy to swallow, aspirin and caffeine free and gluten free.This product should not be used with other medicines containing Acetaminophen. Inactive ingredients: Carnauba Wax, Corn Starch, Croscarmellose Sodium, Hypromellose, Polyethylene Glycol, Povidone, Pregelatinized Starch, Sodium Starch Glycolate, Stearic Acid, May contain one or more of these Ingredients.Drug FactsServing Size: 1 CapletServings Per Container: Active Ingredients NutrientAmount per Serving% Daily ValueAcetaminophen500mg  Liver warning: This product contains acetaminophen. Severe liver damage may occur if you take: More than 4,000mg of Acetaminophen in 24 hours adults and children, with other drugs containing acetaminophen 12 years and over, 3 or more alcoholic drinks every day while using this product. Allergy alert: Acetaminophen may cause severe skin reactions. Symptoms may include: Skin reddening, blisters, rash. If a skin reaction occurs, stop use and seek medical help right away. Do not use: With any other drug containing acetaminophen (prescription or nonprescription).If you are not sure whether a drug contains acetaminophen, ask a doctor or pharmacist. If you have ever had an allergic reaction to this product or any of its ingredients. Ask a doctor before use if you have liver disease. Ask a doctor or pharmacist before use if you are taking the blood thinning drug Warfarin. Stop use and ask a doctor if: Pain gets worse or lasts more than 10 days, fever gets worse or lasts more than 3 days, new symptoms occur, redness or swelling is present. These could be signs of a serious condition. If pregnant or breast-feeding, ask a health professional before use. Keep out of reach of children. In case of over dose, get a medical attention is critical for adults as well as for children even if you do not notice any signs or symptoms. Do not take more than directed: Adults and children 12 years and over: Take 2 caplet every 6 hours while symptoms last, do not take more than 6 caplets in 24 hours, unless directed by a doctor, do not use for more than 10 days unless directed by a doctor. Children under 12 years ask a doctor. Store at 20-25° C (68-77° F). 917529.0 475817.0 193592.0 0
688193.0 $2.49 $0.18 / ea. CVS Health Ultra Thin Overnight Pads with Wings 1.0 Left side, half way down Health Essentials Feminine Care Sensadry coversheet. Same absorbency as regular pad. The green super absorbent core helps to keep you fresh and dry. Wings allow optimal hold of the pad and increased protection against leakage. For overnight use or heavy flow days. Individually wrapped for your convenience. Sensadry coversheet offers dry protection and soft comfort. Overnight: heavy. 0 Keep plastic bag away from children. Open pouch and remove pad. Keep pouch for disposal. Remove center peel strip from pad and press into panties. Peel paper tabs from wings. Wrap wings around sides and attach by pressing to underside of panties. Do not flush. 458343.0 845173.0 430151.0 2
688193.0 $3.49 $0.25 / ea. CVS Health Ultra Thin Overnight Pads with Wings 1.0 Right side, half way down Health Essentials Feminine Care Sensadry coversheet. Same absorbency as regular pad. The green super absorbent core helps to keep you fresh and dry. Wings allow optimal hold of the pad and increased protection against leakage. For overnight use or heavy flow days. Individually wrapped for your convenience. Sensadry coversheet offers dry protection and soft comfort. Overnight: heavy. 0 Keep plastic bag away from children. Open pouch and remove pad. Keep pouch for disposal. Remove center peel strip from pad and press into panties. Peel paper tabs from wings. Wrap wings around sides and attach by pressing to underside of panties. Do not flush. 458343.0 845173.0 430151.0 8
690044.0 $8.29 $0.52 / ea. CVS Health Motion Sickness Less Drowsy, 25mg Tablets 1.0 Left side, half way down Health Essentials Stomach, Heartburn, Gas Meclizine hydrochloride tablets/antiemetic. For prevention and treatment of travel sickness. Prevents up to 24 hours of motion sickness. Protection with less drowsiness. Very low sodium. CVS pharmacist recommended. Active Ingredients (in each Tablet): Meclizine HCl (25 mg). Inactive Ingredients: Anhydrous Lactose, Colloidal Silicon Dioxide, Corn Starch, D&C Yellow 10 Aluminum Lake, Magnesium Stearate, Microcrystalline Cellulose and Sodium Starch Glycolate. Do not give to children under 12 years of age, unless directed by a doctor. Ask a doctor before use if you have breathing problems such as emphysema or chronic bronchitis; glaucoma; difficulty in urination due to an enlargement of the prostate gland. Ask a doctor or pharmacist before use if you are taking sedatives or tranquilizers. When using this product drowsiness may occur; avoid alcoholic beverage; alcohol, sedatives, and tranquilizers may increase drowsiness; use caution when driving a motor vehicle or operating machinery. If pregnant or breast-feeding, ask a health care professional before use. Keep out of reach of children. In case of overdose, get medical help or contact a Poison Control Center right away. Each tablet is individually sealed in a blister pack. Do not use if blister unit is torn or broken. To prevent motion sickness, the first dose should be taken 1 hour before starting activity. Adults and Children 12 Years of Age and Over: Take 1 to 2 tablets once daily or as directed by a doctor. Do not exceed 2 tablets in 24 hours. Not for frequent or prolonged use except on the advice of a doctor. Do not exceed recommended dosage. Store at 59-86 degrees F (15-30 degrees C). 917529.0 230995.0 192868.0 4
690044.0 $7.49 $0.47 / ea. CVS Health Motion Sickness Less Drowsy, 25mg Tablets 1.0 Left side, front of store Health Essentials Stomach, Heartburn, Gas Meclizine hydrochloride tablets/antiemetic. For prevention and treatment of travel sickness. Prevents up to 24 hours of motion sickness. Protection with less drowsiness. Very low sodium. CVS pharmacist recommended. Active Ingredients (in each Tablet): Meclizine HCl (25 mg). Inactive Ingredients: Anhydrous Lactose, Colloidal Silicon Dioxide, Corn Starch, D&C Yellow 10 Aluminum Lake, Magnesium Stearate, Microcrystalline Cellulose and Sodium Starch Glycolate. Do not give to children under 12 years of age, unless directed by a doctor. Ask a doctor before use if you have breathing problems such as emphysema or chronic bronchitis; glaucoma; difficulty in urination due to an enlargement of the prostate gland. Ask a doctor or pharmacist before use if you are taking sedatives or tranquilizers. When using this product drowsiness may occur; avoid alcoholic beverage; alcohol, sedatives, and tranquilizers may increase drowsiness; use caution when driving a motor vehicle or operating machinery. If pregnant or breast-feeding, ask a health care professional before use. Keep out of reach of children. In case of overdose, get medical help or contact a Poison Control Center right away. Each tablet is individually sealed in a blister pack. Do not use if blister unit is torn or broken. To prevent motion sickness, the first dose should be taken 1 hour before starting activity. Adults and Children 12 Years of Age and Over: Take 1 to 2 tablets once daily or as directed by a doctor. Do not exceed 2 tablets in 24 hours. Not for frequent or prolonged use except on the advice of a doctor. Do not exceed recommended dosage. Store at 59-86 degrees F (15-30 degrees C). 917529.0 230995.0 192868.0 3
694949.0 $7.59 $15.18 / oz. CVS Health Long Lasting Dry Eye Lubricant Eye Drops 1.0 Right side, back of store Health Essentials Eye Care Polyethylene Glycol 400 (4%). Propylene Glycol (0.3%). Soothing moisture. Dry eye relief that lasts. Protects & refreshes. Sterile. CVS pharmacist recommended. Enjoy lasting comfort with CVS/pharmacy Long Lasting Lubricant Eye Drops. CVS/pharmacy Long Lasting Lubricant Eye Drops are specially formulated to protect eyes from dryness and discomfort so that eyes feel refreshed and comfortable longer. You can feel its soothing formula work immediately. Finally, relief that lasts. Made in Korea. Active Ingredients: Polyethylene Glycol 400 (0.4%), Propylene Glycol (0.3%). Inactive Ingredients: Boric Acid, Calcium Chloride, 20% Chlorohexidine Gluconate, Hypromellose 2910, Magnesium Chloride, Potassium Chloride, Sodium Hydroxide, Purified Water, Hydrochloride, Sodium Chloride, Zinc Chloride. For external use only. Do not use if solution changes color or becomes cloudy. If you are sensitive or allergic to any ingredient in this product. When using this product to avoid contamination, do not touch tip of container to any surface. Replace cap after each use. Stop use and ask a doctor if: you experience eye pain; changes in vision occur; redness or irritation of the eye(s) gets worse or lasts more than 72 hours. Keep out of reach of children. If swallowed, get medical help or contact a Poison Control Center immediately. Put 1 or 2 drops in the affected eye/s as needed. 797076.0 277760.0 444238.0 0
694949.0 $10.79 $21.58 / oz. CVS Health Long Lasting Dry Eye Lubricant Eye Drops 1.0 Left side, front of store Health Essentials Eye Care Polyethylene Glycol 400 (4%). Propylene Glycol (0.3%). Soothing moisture. Dry eye relief that lasts. Protects & refreshes. Sterile. CVS pharmacist recommended. Enjoy lasting comfort with CVS/pharmacy Long Lasting Lubricant Eye Drops. CVS/pharmacy Long Lasting Lubricant Eye Drops are specially formulated to protect eyes from dryness and discomfort so that eyes feel refreshed and comfortable longer. You can feel its soothing formula work immediately. Finally, relief that lasts. Made in Korea. Active Ingredients: Polyethylene Glycol 400 (0.4%), Propylene Glycol (0.3%). Inactive Ingredients: Boric Acid, Calcium Chloride, 20% Chlorohexidine Gluconate, Hypromellose 2910, Magnesium Chloride, Potassium Chloride, Sodium Hydroxide, Purified Water, Hydrochloride, Sodium Chloride, Zinc Chloride. For external use only. Do not use if solution changes color or becomes cloudy. If you are sensitive or allergic to any ingredient in this product. When using this product to avoid contamination, do not touch tip of container to any surface. Replace cap after each use. Stop use and ask a doctor if: you experience eye pain; changes in vision occur; redness or irritation of the eye(s) gets worse or lasts more than 72 hours. Keep out of reach of children. If swallowed, get medical help or contact a Poison Control Center immediately. Put 1 or 2 drops in the affected eye/s as needed. 797076.0 277760.0 444238.0 4
695042.0 $4.99 $0.31 / ea. CVS Health Caffeine 200mg Tablets, 16CT 1.0 Right side, half way down Health Essentials Pain Relief Alertness aid. For mental alertness. Safe & effective. Compare to the active ingredient in Vivarin (This product is not manufactured or distributed by GlaxoSmithKline Consumer Healthcare, owner of the registered trademark Vivarin Tablets). CVS quality. Active Ingredients (in Each Tablet): Caffeine (200 mg). Inactive Ingredients: Cellulose, D&C Yellow 10, Dicalcium Phosphate, Dextrose, FD&C Yellow 6, Magnesium Stearate, Silica Gel, Starch. For occasional use only Do not use in children under 12 years; as a substitute for sleep. Caffeine Warning: The recommended dose of this product contains about as much caffeine as a cup of coffee. Limit the use of caffeine-containing medications, foods, or beverages while taking this product because too much caffeine may cause nervousness, irritability, sleeplessness and, occasionally, rapid heartbeat. Stop use and ask a doctor if fatigue or drowsiness persists or continues to recur. If pregnant or breast-feeding, ask a health professional before use. Keep out of reach of children. In case of overdose, get medical help or contact a Poison Control Center right away. Tamper Evident: Do not use if carton is opened or if a blister unit is torn, broken or shows any signs of tampering. Retain carton for complete product information. Adults and Children 12 Years and Over: Take 1 tablet not more often than every 3 to 4 hours. Store at controlled room temperature 59-86 degrees F (15-30 degrees C). Avoid excessive heat or humidity 358135.0 230995.0 799023.0 3
695753.0 $3.79 $0.95 / oz. CVS Health Multi-Purpose Contact Lens Solution , 4 OZ 1.0 Left side, half way down Health Essentials Eye Care SAME QUALITY NEW LOOKNO RUBFOR SOFT CONTACT LENSESNo separate enzyme cleaner required when used dailyCleansRinsesDisinfectsStoresRemoves protein dailySTERILECVS PHARMACIST RECOMMENDED It is proven safe and effective for soft contact lenses. CVS/pharmacy Multi-Purpose Solution contains hydroxyalkyl phosphonate, polyoxyethylene, polyoxypropylene block copolymer with ethylene diamine, and polyaminopropyl biguanide 0.0001% to create a revolutionary soft lens care product that keeps lenses clean and comfortable by removing protein deposits every day without the need to rub.See inside of carton for complete cleaning & disinfection directions.CVS/pharmacy Multi-Purpose Solution cleans, rinses, disinfects and removes protein daily. It is proven safe and effective for soft contact lenses.CVS QualityMONEY BACK GUARANTEEDistributed by:CVS Pharmacy, Inc.One CVS DriveWoonsocket, RI 028952009 CVS/pharmacywww.cvs.com   1-800-shop-CVSThis item is FSA (Flexible Spending Account) eligible. Ingredients: Sterile, Isotonic Solution, Hydroxyalkyl Phosphonate , Boric Acid, Edetate Disodium, Polyoxyethylene Polyoxypropylene Block Copolymer With Ethylene Diamine, Sodium Borate, Sodium Chloride, Preserved With Polyaminopropyl Biguanide 0.0001% WARNINGS:NOT FOR USE WITH HEAT DISINFECTION. IF YOU ARE ALLERGIC TO ANY OF THE INGREDIENTS IN THIS PRODUCT, DO NOT USE. SEE INSIDE OF CARTON FOR COMPLETE INSTRUCTIONS AND IMPORTANT SAFETY INFORMATION.PRECAUTIONS:Never re-use this solution.Keep the bottle tightly closed when not in use.Store solution at room temperature.Use before expiration date marked on the carton and bottle.Keep out of reach of children.DO NOT USE IF IMPRINTED NECKBAND ON BOTTLE IS BROKEN OR MISSINGDaily use of CVS/pharmacy Multi-Purpose Solution eliminates the need for a separate enzymatic cleaner or daily cleaner for many lens wearers - consult your eye care practitioner. DIRECTIONS: To clean, disinfect and remove protein daily, complete the following steps: STEP 1: Thoroughly rinse each side of the lens (5 seconds) with CVS/pharmacy Multi-Purpose Solution. STEP 2: Place cleaned contact lens in the lens case and fill with fresh CVS/pharmacy Multi-Purpose Solution. Soak at least four (4) hours. Always follow your eye care professional's instructions. Based upon your individual tear chemistry and lens-wearing schedule, your eye care practitioner may recommend additional products or procedures such as placing 3 drops of this solution on each lens surface and rubbing for 20 seconds before completing Step 1. STORAGE: Store your lenses in the unopened lens case until ready to wear, up to a maximum of 30 days. 396146.0 844691.0 645036.0 0
695753.0 $5.39 $1.35 / oz. CVS Health Multi-Purpose Contact Lens Solution , 4 OZ 1.0 Right side, front of store Health Essentials Eye Care SAME QUALITY NEW LOOKNO RUBFOR SOFT CONTACT LENSESNo separate enzyme cleaner required when used dailyCleansRinsesDisinfectsStoresRemoves protein dailySTERILECVS PHARMACIST RECOMMENDED It is proven safe and effective for soft contact lenses. CVS/pharmacy Multi-Purpose Solution contains hydroxyalkyl phosphonate, polyoxyethylene, polyoxypropylene block copolymer with ethylene diamine, and polyaminopropyl biguanide 0.0001% to create a revolutionary soft lens care product that keeps lenses clean and comfortable by removing protein deposits every day without the need to rub.See inside of carton for complete cleaning & disinfection directions.CVS/pharmacy Multi-Purpose Solution cleans, rinses, disinfects and removes protein daily. It is proven safe and effective for soft contact lenses.CVS QualityMONEY BACK GUARANTEEDistributed by:CVS Pharmacy, Inc.One CVS DriveWoonsocket, RI 028952009 CVS/pharmacywww.cvs.com   1-800-shop-CVSThis item is FSA (Flexible Spending Account) eligible. Ingredients: Sterile, Isotonic Solution, Hydroxyalkyl Phosphonate , Boric Acid, Edetate Disodium, Polyoxyethylene Polyoxypropylene Block Copolymer With Ethylene Diamine, Sodium Borate, Sodium Chloride, Preserved With Polyaminopropyl Biguanide 0.0001% WARNINGS:NOT FOR USE WITH HEAT DISINFECTION. IF YOU ARE ALLERGIC TO ANY OF THE INGREDIENTS IN THIS PRODUCT, DO NOT USE. SEE INSIDE OF CARTON FOR COMPLETE INSTRUCTIONS AND IMPORTANT SAFETY INFORMATION.PRECAUTIONS:Never re-use this solution.Keep the bottle tightly closed when not in use.Store solution at room temperature.Use before expiration date marked on the carton and bottle.Keep out of reach of children.DO NOT USE IF IMPRINTED NECKBAND ON BOTTLE IS BROKEN OR MISSINGDaily use of CVS/pharmacy Multi-Purpose Solution eliminates the need for a separate enzymatic cleaner or daily cleaner for many lens wearers - consult your eye care practitioner. DIRECTIONS: To clean, disinfect and remove protein daily, complete the following steps: STEP 1: Thoroughly rinse each side of the lens (5 seconds) with CVS/pharmacy Multi-Purpose Solution. STEP 2: Place cleaned contact lens in the lens case and fill with fresh CVS/pharmacy Multi-Purpose Solution. Soak at least four (4) hours. Always follow your eye care professional's instructions. Based upon your individual tear chemistry and lens-wearing schedule, your eye care practitioner may recommend additional products or procedures such as placing 3 drops of this solution on each lens surface and rubbing for 20 seconds before completing Step 1. STORAGE: Store your lenses in the unopened lens case until ready to wear, up to a maximum of 30 days. 396146.0 844691.0 645036.0 9
708032.0 $3.49 $0.87 / ea. CVS Alkaline Batteries AAA 4-Pack 5.0 Left side, front of store Home & Office Alkaline batteries that can last up to 6 times longer than regular carbon batteries. Even after 3 years in storage, battery retains up to 90% of power. Date coded package - so you know your batteries are fresh. 0 May explode or leak, and cause burn injury, if recharged, disposed of in fire, mixed with a different battery type, inserted backwards or disassembled. Replace all used batteries at the same time. Do not carry batteries loose in your pocket or purse. Keep away from children. If swallowed promptly call doctor. 0 289058.0 960863.0 973824.0 8
708032.0 $4.99 $1.25 / ea. CVS Alkaline Batteries AAA 4-Pack 5.0 Right side, half way down Home & Office Alkaline batteries that can last up to 6 times longer than regular carbon batteries. Even after 3 years in storage, battery retains up to 90% of power. Date coded package - so you know your batteries are fresh. 0 May explode or leak, and cause burn injury, if recharged, disposed of in fire, mixed with a different battery type, inserted backwards or disassembled. Replace all used batteries at the same time. Do not carry batteries loose in your pocket or purse. Keep away from children. If swallowed promptly call doctor. 0 289058.0 960863.0 973824.0 0
708737.0 $3.49 $0.06 / ea. Total Home Odor Control Lint Roller 5.0 Left side, back of store Home & Office Removes lint & hair. Reduces & Eliminates Odors. Total Home by CVS/pharmacy offers a wide selection of household products that work hard and save you money. It's where performance and value live. Total Home lint roller quickly removes dust, hair, and lint from almost any surface. It's safe for all fabrics, leather, nylon, etc. Great For: ClothingCurtains/UpholsteryBedding 0 0 Remove cover and save to reapply after use. Roll CVS/pharmacy Lint Roller over surface to be cleaned. When sheet is fully covered, lift sheets using perforation, peel off used sheets and discard. To Change Refills: Simply pull empty roll off handle and replace with new lint roller refill. 322829.0 454376.0 192868.0 8
708737.0 $4.99 $0.08 / ea. Total Home Odor Control Lint Roller 5.0 Right side, back of store Home & Office Removes lint & hair. Reduces & Eliminates Odors. Total Home by CVS/pharmacy offers a wide selection of household products that work hard and save you money. It's where performance and value live. Total Home lint roller quickly removes dust, hair, and lint from almost any surface. It's safe for all fabrics, leather, nylon, etc. Great For: ClothingCurtains/UpholsteryBedding 0 0 Remove cover and save to reapply after use. Roll CVS/pharmacy Lint Roller over surface to be cleaned. When sheet is fully covered, lift sheets using perforation, peel off used sheets and discard. To Change Refills: Simply pull empty roll off handle and replace with new lint roller refill. 322829.0 454376.0 192868.0 5
711999.0 $7.69 $0.04 / ea. CVS Health Vitamin B12 Tablets 1000mcg, 200CT 1.0 Left side, front of store Health Essentials Vitamins Vitamin B12 supports healthy blood cells and nervous system health. It is also involved in energy metabolism by converting food into energy.Disclaimer: These statements have not been evaluated by the Food and Drug Administration. This product is not intended to diagnose, treat, cure or prevent any disease. Vitamin B-12 (As Cyanocobalamin) 1,000mcg. Other Ingredients: Dicalcium Phosphate, Mannitol, Cellulose (Plant Origin), Croscarmellose, Vegetable Stearic Acid. Contains <2% of: Cellulose Coating, Natural Palm Leaf Glaze, Silica, Vegetable Magnesium Stearate. If you are pregnant, nursing, taking any medications or have any medical condition, consult your doctor before use. Discontinue use and consult your doctor if any adverse reactions occur. Keep out of reach of children. Store at room temperature and avoid excessive heat. Tamper resistant: Do not use if seal under cap is broken or missing. No yeast, wheat, gluten, milk or milk derivatives, lactose, sugar, preservatives, soy, artificial color, artificial flavor, salt. For adults, take one (1) tablet daily, preferably with a meal. As a reminder, discuss the supplements and medications you take with your health care providers. 917529.0 866535.0 320711.0 9
711999.0 $10.99 $0.05 / ea. CVS Health Vitamin B12 Tablets 1000mcg, 200CT 1.0 Right side, front of store Health Essentials Vitamins Vitamin B12 supports healthy blood cells and nervous system health. It is also involved in energy metabolism by converting food into energy.Disclaimer: These statements have not been evaluated by the Food and Drug Administration. This product is not intended to diagnose, treat, cure or prevent any disease. Vitamin B-12 (As Cyanocobalamin) 1,000mcg. Other Ingredients: Dicalcium Phosphate, Mannitol, Cellulose (Plant Origin), Croscarmellose, Vegetable Stearic Acid. Contains <2% of: Cellulose Coating, Natural Palm Leaf Glaze, Silica, Vegetable Magnesium Stearate. If you are pregnant, nursing, taking any medications or have any medical condition, consult your doctor before use. Discontinue use and consult your doctor if any adverse reactions occur. Keep out of reach of children. Store at room temperature and avoid excessive heat. Tamper resistant: Do not use if seal under cap is broken or missing. No yeast, wheat, gluten, milk or milk derivatives, lactose, sugar, preservatives, soy, artificial color, artificial flavor, salt. For adults, take one (1) tablet daily, preferably with a meal. As a reminder, discuss the supplements and medications you take with your health care providers. 917529.0 866535.0 320711.0 0
711999.0 $10.49 $0.05 / ea. CVS Health Vitamin B12 Tablets 1000mcg, 200CT 1.0 Left side, front of store Health Essentials Vitamins Vitamin B12 supports healthy blood cells and nervous system health. It is also involved in energy metabolism by converting food into energy.Disclaimer: These statements have not been evaluated by the Food and Drug Administration. This product is not intended to diagnose, treat, cure or prevent any disease. Vitamin B-12 (As Cyanocobalamin) 1,000mcg. Other Ingredients: Dicalcium Phosphate, Mannitol, Cellulose (Plant Origin), Croscarmellose, Vegetable Stearic Acid. Contains <2% of: Cellulose Coating, Natural Palm Leaf Glaze, Silica, Vegetable Magnesium Stearate. If you are pregnant, nursing, taking any medications or have any medical condition, consult your doctor before use. Discontinue use and consult your doctor if any adverse reactions occur. Keep out of reach of children. Store at room temperature and avoid excessive heat. Tamper resistant: Do not use if seal under cap is broken or missing. No yeast, wheat, gluten, milk or milk derivatives, lactose, sugar, preservatives, soy, artificial color, artificial flavor, salt. For adults, take one (1) tablet daily, preferably with a meal. As a reminder, discuss the supplements and medications you take with your health care providers. 917529.0 866535.0 320711.0 9
715973.0 $6.29 $0.79 / oz. Beauty 360 Liquid Eye Makeup Remover, 8 OZ 5.0 Left side, half way down #REF! Water, Hexylene Glycol, Disodium Cocoamphodiacetate, Dipotassium Phosphate,  Potassium Phosphate, Sodium Laureth-8 Sulfate, Sodium Lauryl Sulfate, Sodium  Laureth Sulfate, Allantoin, Magnesium Laureth-8 Sulfate, Magnesium Laureth  Sulfate, Sodiumoleth Sulfate, Magnesiumoleth Sulfate, Imidazolidinyl Urea,  Methylparaben, Disodium EDTA, Sodium Benzoate, Fragrance Avoid contact with eyes. If skin irritation or rash develops, discontinue use.  For children less than 6 months of age, consult a doctor. Keep this and all  drugs out of the reach of children. In case of accidental ingestion, seek  professional assistance or contact a Poison Control Center  immediately. Apply with a cotton ball on closed eyelids, morning or night. 350772.0 829205.0 213584.0 6
716887.0 $5.49 $1.37 / oz. CVS Health Cold & Hot Sore Muscle Spray Vanishing Scent 1.0 Right side, front of store Health Essentials Pain Relief Sprays upside down. Menthol 7.6%/methyl salicylate 29.0%. Pain relief therapy for arthritis, backache, muscle strains & sprains. Non-greasy. Quick drying. CVS pharmacist recommended. FSA eligible. Active Ingredients Menthol (7.6%), Methyl Salicylate (29.0%). Inactive Ingredients: Arnica, Boswellia Serrata Extract, Eucalyptus Globulus Leaf Oil, Dimethyl Sulfone, Ilex Paraguariensis Leaf Extract, Mentha Piperita (Peppermint) Oil, Purified Water, SD Alcohol 39C. For external use only. Flammable: Do not use while smoking or near heat or flame. Do not use in the eyes. When using this product keep out of eyes; do not bandage tightly; use only as directed; do not puncture or incinerate. Contents under pressure. Do not store at temperatures above 120 degrees F. Ask a doctor before use if you have deep or puncture wounds; animal bites; serious burns. Stop use and ask doctor if condition worsens; symptoms persist for more than 7 days or clear up and occur again within a few days; needed for longer than 1 week Keep out of reach of children. If swallowed, get medical help or contact a Poison Control Center right away. Shake well. Adults and Children 12 Years of Age and Older: Spray product on the area, not more than 1 to 3 times daily. Children Under 12 Years of Age: Consult a doctor. 276878.0 590737.0 917529.0 5
716887.0 $7.79 $1.95 / oz. CVS Health Cold & Hot Sore Muscle Spray Vanishing Scent 1.0 Right side, front of store Health Essentials Pain Relief Sprays upside down. Menthol 7.6%/methyl salicylate 29.0%. Pain relief therapy for arthritis, backache, muscle strains & sprains. Non-greasy. Quick drying. CVS pharmacist recommended. FSA eligible. Active Ingredients Menthol (7.6%), Methyl Salicylate (29.0%). Inactive Ingredients: Arnica, Boswellia Serrata Extract, Eucalyptus Globulus Leaf Oil, Dimethyl Sulfone, Ilex Paraguariensis Leaf Extract, Mentha Piperita (Peppermint) Oil, Purified Water, SD Alcohol 39C. For external use only. Flammable: Do not use while smoking or near heat or flame. Do not use in the eyes. When using this product keep out of eyes; do not bandage tightly; use only as directed; do not puncture or incinerate. Contents under pressure. Do not store at temperatures above 120 degrees F. Ask a doctor before use if you have deep or puncture wounds; animal bites; serious burns. Stop use and ask doctor if condition worsens; symptoms persist for more than 7 days or clear up and occur again within a few days; needed for longer than 1 week Keep out of reach of children. If swallowed, get medical help or contact a Poison Control Center right away. Shake well. Adults and Children 12 Years of Age and Older: Spray product on the area, not more than 1 to 3 times daily. Children Under 12 Years of Age: Consult a doctor. 276878.0 590737.0 917529.0 3
716887.0 $6.99 $1.75 / oz. CVS Health Cold & Hot Sore Muscle Spray Vanishing Scent 1.0 Right side, back of store Health Essentials Pain Relief Sprays upside down. Menthol 7.6%/methyl salicylate 29.0%. Pain relief therapy for arthritis, backache, muscle strains & sprains. Non-greasy. Quick drying. CVS pharmacist recommended. FSA eligible. Active Ingredients Menthol (7.6%), Methyl Salicylate (29.0%). Inactive Ingredients: Arnica, Boswellia Serrata Extract, Eucalyptus Globulus Leaf Oil, Dimethyl Sulfone, Ilex Paraguariensis Leaf Extract, Mentha Piperita (Peppermint) Oil, Purified Water, SD Alcohol 39C. For external use only. Flammable: Do not use while smoking or near heat or flame. Do not use in the eyes. When using this product keep out of eyes; do not bandage tightly; use only as directed; do not puncture or incinerate. Contents under pressure. Do not store at temperatures above 120 degrees F. Ask a doctor before use if you have deep or puncture wounds; animal bites; serious burns. Stop use and ask doctor if condition worsens; symptoms persist for more than 7 days or clear up and occur again within a few days; needed for longer than 1 week Keep out of reach of children. If swallowed, get medical help or contact a Poison Control Center right away. Shake well. Adults and Children 12 Years of Age and Older: Spray product on the area, not more than 1 to 3 times daily. Children Under 12 Years of Age: Consult a doctor. 276878.0 590737.0 917529.0 1
735977.0 $5.19 $2.60 / oz. K-Y Jelly Personal Water Based Lubricant, 2 OZ 1.0 Right side, half way down Health Essentials Sexual Wellness From the #1 doctor recommended and most trusted personal lubricant brand, K-Y brand jelly personal lubricant has a unique water based, fragrance-free, non-greasy formula that quickly prepares you for sexual intimacy and eases the discomfort of vaginal dryness for women during sex. Ingredients: Water, Glycerin, Hydroxyethylcellulose, Chlorhexidine, Gluconate, Gluconolactone, Methylparaben, Sodium Hydroxide. If irritation or discomfort occurs, discontinue use and consult a doctor. This product is not a contraceptive and does not contain a spermicide. Keep out of reach of children and away from eyes and ears. Do not use if quality seal on the opening of the tube is broken or missing. Prior to use with an intravaginal product, consult with your doctor. Apply desired amount of lubricant to your intimate areas. Reapply as needed. Snap cap closed after use. Compatible with latex condoms only. 995475.0 994254.0 298381.0 8
783753.0 $2.59 $0.32 / oz. CVS Health Instant Hand Sanitizer, 8 OZ 4.0 Left side, back of store Personal Care Leaves hands feeling soft & refreshed. Kills 99.99% of germs (Effective at eliminating over 99.99% of many common harmful germs and bacteria in as little as 15 seconds). With moisturizers & vitamin E. Active Ingredient: Ethyl Alcohol (63%). Inactive Ingredients: Acrylates/C10-30 Alkyl Acrylate Crosspolymer, Benzophenone-4, Fragrance, Glycerin, Tocopheryl, Water. For external use only - hands. Flammable. Keep away from heat and flame. When using this product keep out eyes (In case of contact with eyes, flush thoroughly with water); avoid contact with broken skin; do not inhale or ingest. Stop use and ask a doctor if skin irritation develops. Keep out of reach of children. In case of accidental ingestion, seek professional assistance or contact a Poison Control Center immediately. May discolor some fabrics. Harmful to wood finishes and plastics. Wet hands thoroughly with product and allow to dry without wiping. For children under 6, use only under adult supervision. Not recommended for infants. Do not store above 105 degrees F. 336263.0 161299.0 986114.0 0
783753.0 $3.69 $0.46 / oz. CVS Health Instant Hand Sanitizer, 8 OZ 4.0 Left side, back of store Personal Care Leaves hands feeling soft & refreshed. Kills 99.99% of germs (Effective at eliminating over 99.99% of many common harmful germs and bacteria in as little as 15 seconds). With moisturizers & vitamin E. Active Ingredient: Ethyl Alcohol (63%). Inactive Ingredients: Acrylates/C10-30 Alkyl Acrylate Crosspolymer, Benzophenone-4, Fragrance, Glycerin, Tocopheryl, Water. For external use only - hands. Flammable. Keep away from heat and flame. When using this product keep out eyes (In case of contact with eyes, flush thoroughly with water); avoid contact with broken skin; do not inhale or ingest. Stop use and ask a doctor if skin irritation develops. Keep out of reach of children. In case of accidental ingestion, seek professional assistance or contact a Poison Control Center immediately. May discolor some fabrics. Harmful to wood finishes and plastics. Wet hands thoroughly with product and allow to dry without wiping. For children under 6, use only under adult supervision. Not recommended for infants. Do not store above 105 degrees F. 336263.0 161299.0 986114.0 4
789787.0 $3.59 $1.03 / oz. Crest 3D White Whitening Toothpaste Radiant Mint, 3.5 OZ 1.0 Left side, half way down Health Essentials Oral Health Minty fresh breath. Dazzling white smile. Enhance your look when you brighten your smile with Crest 3D White radiant mint whitening toothpaste. Designed to remove up to 80% of surface stains, radiant mint toothpaste delivers whiter results with cooling freshness. Using an enamel-safe whitening formula, radiant mint toothpaste softly polishes away stains with small, micro-cleansing whiteners as the gentle foaming action helps whiten even the hardest-to-reach places. For a whiter smile and fresher breath, try Crest 3D White radiant mint whitening toothpaste.Removes up to 80% of surface stainsMicro-cleansing whiteners polish away surface stainsRadiant mint flavor for fresher breathGentle foaming action to clean hard-to-reach placesWhiten your smile in 2 days. Use with any Crest 3D White mouthwash and Oral-B 3D White vivid toothbrush to whiten your teeth in 2 days by removing surface stains. Active Ingredients: Sodium Fluoride 0.243% (0.14% w/v Fluoride Ion). Inactive Ingredients: Water, Sorbitol, Hydrated Silica, Disodium Pyrophosphate, Sodium Lauryl Sulfate, Flavor, Cellulose Gum, Sodium Hydroxide, Sodium Saccharin, Carbomer, Xanthan Gum, Mica, Titanium Dioxide, Blue 1. Keep out of reach of children under 6 years of age. If more than used for brushing is accidentally swallowed, get medical help or contact a poison control center right away. Adults and children 2 years and older: Brush teeth thoroughly after meals or at least twice a day or use as directed by a dentist. Do not swallow. To minimize swallowing use a pea-sized amount in children under 6. Supervise children's brushing until good habits are established. Children under 2 years: Ask a dentist. 192868.0 454376.0 857242.0 9
789787.0 $4.49 $1.28 / oz. Crest3D White Whitening Toothpaste Radiant Mint, 3.5 OZ 1.0 Left side, back of store Health Essentials Oral Health Minty fresh breath. Dazzling white smile. Enhance your look when you brighten your smile with Crest 3D White radiant mint whitening toothpaste. Designed to remove up to 80% of surface stains, radiant mint toothpaste delivers whiter results with cooling freshness. Using an enamel-safe whitening formula, radiant mint toothpaste softly polishes away stains with small, micro-cleansing whiteners as the gentle foaming action helps whiten even the hardest-to-reach places. For a whiter smile and fresher breath, try Crest 3D White radiant mint whitening toothpaste.Removes up to 80% of surface stainsMicro-cleansing whiteners polish away surface stainsRadiant mint flavor for fresher breathGentle foaming action to clean hard-to-reach placesWhiten your smile in 2 days. Use with any Crest 3D White mouthwash and Oral-B 3D White vivid toothbrush to whiten your teeth in 2 days by removing surface stains. Active Ingredients: Sodium Fluoride 0.243% (0.14% w/v Fluoride Ion). Inactive Ingredients: Water, Sorbitol, Hydrated Silica, Disodium Pyrophosphate, Sodium Lauryl Sulfate, Flavor, Cellulose Gum, Sodium Hydroxide, Sodium Saccharin, Carbomer, Xanthan Gum, Mica, Titanium Dioxide, Blue 1. Keep out of reach of children under 6 years of age. If more than used for brushing is accidentally swallowed, get medical help or contact a poison control center right away. Adults and children 2 years and older: Brush teeth thoroughly after meals or at least twice a day or use as directed by a dentist. Do not swallow. To minimize swallowing use a pea-sized amount in children under 6. Supervise children's brushing until good habits are established. Children under 2 years: Ask a dentist. 192868.0 454376.0 857242.0 6
797076.0 $3.49 $6.98 / oz. CVS Health Maximum Redness Relief Eye Drops 1.0 Left side, half way down Health Essentials Eye Care Lubricant redness reliever eye drops. Long lasting comfort. Soothes. Refreshes. Moisturizes. CVS Pharmacist recommended. Sterile. Active Ingredients: Dextran 70 0.1%, Polythylene glycol 400 1%, Povidone 1%, Tetrahydrozoline HCI 0.05% Do not use if solution changes color or becomes cloudy. Ask a doctor before use if you have narrow angle glaucoma. When using this product: do not touch tip of container to any surface to avoid contamination, do not overuse as it may produce increased redness of the eye, pupils may become enlarged temporarily, remove contact lenses before using, replace cap after use. Stop use and ask a doctor if: you experience eye pain, changes in vision, continued redness or irritation of the eye, condition worsens or persists for more than 72 hours. Keep out of reach of children. If swallowed, get medical help or contact a Poison Control Center right away. Do not use if imprinted neckband is not intact. Instill 1 to 2 drops in the affected eye(s) up to four times daily. Store at 15 degrees - 30 degrees C (59 degrees - 86 degrees F). Keep tightly closed. 277760.0 444238.0 864199.0 5
797076.0 $4.99 $9.98 / oz. CVS Health Maximum Redness Relief Eye Drops 1.0 Right side, half way down Health Essentials Eye Care Lubricant redness reliever eye drops. Long lasting comfort. Soothes. Refreshes. Moisturizes. CVS Pharmacist recommended. Sterile. Active Ingredients: Dextran 70 0.1%, Polythylene glycol 400 1%, Povidone 1%, Tetrahydrozoline HCI 0.05% Do not use if solution changes color or becomes cloudy. Ask a doctor before use if you have narrow angle glaucoma. When using this product: do not touch tip of container to any surface to avoid contamination, do not overuse as it may produce increased redness of the eye, pupils may become enlarged temporarily, remove contact lenses before using, replace cap after use. Stop use and ask a doctor if: you experience eye pain, changes in vision, continued redness or irritation of the eye, condition worsens or persists for more than 72 hours. Keep out of reach of children. If swallowed, get medical help or contact a Poison Control Center right away. Do not use if imprinted neckband is not intact. Instill 1 to 2 drops in the affected eye(s) up to four times daily. Store at 15 degrees - 30 degrees C (59 degrees - 86 degrees F). Keep tightly closed. 277760.0 444238.0 864199.0 7
797076.0 $4.89 $9.78 / oz. CVS Health Maximum Redness Relief Eye Drops 1.0 Right side, half way down Health Essentials Eye Care Lubricant redness reliever eye drops. Long lasting comfort. Soothes. Refreshes. Moisturizes. CVS Pharmacist recommended. Sterile. Active Ingredients: Dextran 70 0.1%, Polythylene glycol 400 1%, Povidone 1%, Tetrahydrozoline HCI 0.05% Do not use if solution changes color or becomes cloudy. Ask a doctor before use if you have narrow angle glaucoma. When using this product: do not touch tip of container to any surface to avoid contamination, do not overuse as it may produce increased redness of the eye, pupils may become enlarged temporarily, remove contact lenses before using, replace cap after use. Stop use and ask a doctor if: you experience eye pain, changes in vision, continued redness or irritation of the eye, condition worsens or persists for more than 72 hours. Keep out of reach of children. If swallowed, get medical help or contact a Poison Control Center right away. Do not use if imprinted neckband is not intact. Instill 1 to 2 drops in the affected eye(s) up to four times daily. Store at 15 degrees - 30 degrees C (59 degrees - 86 degrees F). Keep tightly closed. 277760.0 444238.0 864199.0 8
798066.0 $8.59 $0.09 / ea. CVS Health Daily Multiple Tablets For Men 1.0 Right side, front of store Health Essentials Vitamins This formula is specially designed for men to address key areas of nutritional wellness, including antioxidant support: Heart, bone and male reproductive health.*Health GoalsSUPPORTS HEART & MALE REPRODUCTIVE HEALTH* Suggested Use For adult men, take one (1) tablet daily, preferably with a meal. As a reminder, discuss the supplements and medications you take with your health care providers.Disclaimer: This product is intended for use by men and is not intended for use by women. If you are taking any medications, planning any medical procedure or have any medical condition, consult your doctor before use. Discontinue use and consult your doctor if any adverse reactions occur. Other Ingredients: Cellulose (Plant Origin), Croscarmellose, Vegetable Stearic Acid, Silica, Vegetable Magnesium Stearate Cellulose Coating, Dicalcium Phosphate, Gelatin, Sucrose, Mannitol, Maltodextrin. This product contains fish (cod, pollock, haddock, hake, cusk, redfish) ingredients. Not intended for use by pregnant or nursing women. If you are taking any medications or planning any medical procedure, consult your doctor before use. Avoid this product if you have Wilson's disease or if you are allergic to tomatoes. discontinue use and consult your doctor if any adverse reactions occur. Keep out of reach of children. Store in a dry place and avoid excessive heat. Tamper Resistant: Do not use if seal under cap is broken or missing. For adults, take one (1) tablet daily preferably with a meal. Do not exceed recommended dose. As a reminder, discuss the supplements and medications you take with your health care providers. 711999.0 320711.0 857242.0 8
799023.0 $1.49 $0.75 / oz. CVS Health Hand Sanitizer, 2 OZ 4.0 Left side, front of store Personal Care To decrease bacteria on the skin that could cause disease. Recommended for repeated use. Ethyl Alcohol 62% For external use only-hands. Flammable. Keep away from heat and flame. When using this product: Keep out of eyes. In case of contact with eyes, flush thoroughly with water. Avoid contact with broken skin. Stop use and ask a doctor if skin irritation develops. Keep out of reach of children. In case of accidental ingestion, seek professional assistance or contact a Poison Control Center immediately. Wet hands thoroughly with product and allow to dry without wiping. For children under 6, use only under adult supervision. Not recommended for infants. May discolor some fabrics. Harmful to wood finishes and plastics. 223305.0 320711.0 917529.0 9
799023.0 $1.57 $0.79 / oz. CVS Health Hand Sanitizer, 2 OZ 4.0 Left side, back of store Personal Care To decrease bacteria on the skin that could cause disease. Recommended for repeated use. Ethyl Alcohol 62% For external use only-hands. Flammable. Keep away from heat and flame. When using this product: Keep out of eyes. In case of contact with eyes, flush thoroughly with water. Avoid contact with broken skin. Stop use and ask a doctor if skin irritation develops. Keep out of reach of children. In case of accidental ingestion, seek professional assistance or contact a Poison Control Center immediately. Wet hands thoroughly with product and allow to dry without wiping. For children under 6, use only under adult supervision. Not recommended for infants. May discolor some fabrics. Harmful to wood finishes and plastics. 223305.0 320711.0 917529.0 2
801334.0 $1.09 $0.18 / oz. Gold Emblem Gummy Bears, 6 OZ 3.0 Right side, front of store Food & Beverage Gold Emblem Original Gummy Bears are colorful chewy treats for anytime, for any age.Product of Turkey. Ingredients: Corn Syrup, Sugar, Gelatin, Dextrose, Citric Acid, Starch, Artificial And Natural Flavors, Fractionated Coconut Oil, Carnauba Wax, Beeswax Coating, Artificial Colors (Yellow 5 Red 40 Blue 1).Nutrition FactsServing Size: 17 PiecesServings Per Container: 5NutrientAmount per Serving% Daily Value*Calories140 Calories from Fat  Total Fat0g0%Saturated Fat0g0%Trans Fat0g Cholesterol0mg0%Sodium0mg0%Total Carbohydrate31g10%Dietary Fiber0g Sugars21g Protein3g  Allergy information: This Product was packed in a facility where other products containing peanuts, tree nuts, milk, wheat, soy and eggs are also packaged. 0 917529.0 999855.0 443504.0 8
801334.0 $1.59 $0.27 / oz. Gold Emblem Gummy Bears, 6 OZ 3.0 Right side, front of store Food & Beverage Gold Emblem Original Gummy Bears are colorful chewy treats for anytime, for any age.Product of Turkey. Ingredients: Corn Syrup, Sugar, Gelatin, Dextrose, Citric Acid, Starch, Artificial And Natural Flavors, Fractionated Coconut Oil, Carnauba Wax, Beeswax Coating, Artificial Colors (Yellow 5 Red 40 Blue 1).Nutrition FactsServing Size: 17 PiecesServings Per Container: 5NutrientAmount per Serving% Daily Value*Calories140 Calories from Fat  Total Fat0g0%Saturated Fat0g0%Trans Fat0g Cholesterol0mg0%Sodium0mg0%Total Carbohydrate31g10%Dietary Fiber0g Sugars21g Protein3g  Allergy information: This Product was packed in a facility where other products containing peanuts, tree nuts, milk, wheat, soy and eggs are also packaged. 0 917529.0 999855.0 443504.0 6
801334.0 $1.49 $0.25 / oz. Gold Emblem Gummy Bears, 6 OZ 3.0 Right side, front of store Food & Beverage Gold Emblem Original Gummy Bears are colorful chewy treats for anytime, for any age.Product of Turkey. Ingredients: Corn Syrup, Sugar, Gelatin, Dextrose, Citric Acid, Starch, Artificial And Natural Flavors, Fractionated Coconut Oil, Carnauba Wax, Beeswax Coating, Artificial Colors (Yellow 5 Red 40 Blue 1).Nutrition FactsServing Size: 17 PiecesServings Per Container: 5NutrientAmount per Serving% Daily Value*Calories140 Calories from Fat  Total Fat0g0%Saturated Fat0g0%Trans Fat0g Cholesterol0mg0%Sodium0mg0%Total Carbohydrate31g10%Dietary Fiber0g Sugars21g Protein3g  Allergy information: This Product was packed in a facility where other products containing peanuts, tree nuts, milk, wheat, soy and eggs are also packaged. 0 917529.0 999855.0 443504.0 6
807034.0 $4.59 $19.96 / oz. CVS Health Medicated Cold Sore Treatment Max Strength 1.0 Right side, back of store Health Essentials Cough & Cold Camphorated phenol. Maximum strength pain reliever & antiseptic gel. Dries up fever blisters & cold sores. Helps promote healing & prevent infection. Relives itch & pain on contact. CVS pharmacist recommended. Active Ingredients: Camphor (10.8%), Phenol (4.7%). Inactive Ingredients: Eucalyptus, Glycerin, Mineral Oil, Silica. For external use only. Do not use over large areas of the body; with a bandage. Ask a doctor before use if you have a deep or puncture wound; animal bites; serious burns. When using this product do not use near the eyes. If contact occurs, rinse eyes thoroughly with water and obtain medical attention. Stop use and ask a doctor if condition worsens; symptoms persist for more than 7 days or clear up and occur again within a few days. Keep out of reach of children. If swallowed, get medical help or contact a Poison Control Center right away. Do not induce vomiting before contacting medical help or a Poison Control Center. Adults and Children 2 Years and Over: Clean the affected area. Apply directly to the cold sore or fever blister 1 to 3 times daily. Do not bandage. Children Under 2 Years: Ask a doctor. Store at room temperature. Avoid excessive heat. Close cover tightly after each use. 358135.0 686584.0 938778.0 9
807034.0 $6.49 $28.22 / oz. CVS Health Medicated Cold Sore Treatment Max Strength 1.0 Right side, half way down Health Essentials Cough & Cold Camphorated phenol. Maximum strength pain reliever & antiseptic gel. Dries up fever blisters & cold sores. Helps promote healing & prevent infection. Relives itch & pain on contact. CVS pharmacist recommended. Active Ingredients: Camphor (10.8%), Phenol (4.7%). Inactive Ingredients: Eucalyptus, Glycerin, Mineral Oil, Silica. For external use only. Do not use over large areas of the body; with a bandage. Ask a doctor before use if you have a deep or puncture wound; animal bites; serious burns. When using this product do not use near the eyes. If contact occurs, rinse eyes thoroughly with water and obtain medical attention. Stop use and ask a doctor if condition worsens; symptoms persist for more than 7 days or clear up and occur again within a few days. Keep out of reach of children. If swallowed, get medical help or contact a Poison Control Center right away. Do not induce vomiting before contacting medical help or a Poison Control Center. Adults and Children 2 Years and Over: Clean the affected area. Apply directly to the cold sore or fever blister 1 to 3 times daily. Do not bandage. Children Under 2 Years: Ask a doctor. Store at room temperature. Avoid excessive heat. Close cover tightly after each use. 358135.0 686584.0 938778.0 1
807034.0 $5.79 $25.17 / oz. CVS Health Medicated Cold Sore Treatment Max Strength 1.0 Right side, half way down Health Essentials Cough & Cold Camphorated phenol. Maximum strength pain reliever & antiseptic gel. Dries up fever blisters & cold sores. Helps promote healing & prevent infection. Relives itch & pain on contact. CVS pharmacist recommended. Active Ingredients: Camphor (10.8%), Phenol (4.7%). Inactive Ingredients: Eucalyptus, Glycerin, Mineral Oil, Silica. For external use only. Do not use over large areas of the body; with a bandage. Ask a doctor before use if you have a deep or puncture wound; animal bites; serious burns. When using this product do not use near the eyes. If contact occurs, rinse eyes thoroughly with water and obtain medical attention. Stop use and ask a doctor if condition worsens; symptoms persist for more than 7 days or clear up and occur again within a few days. Keep out of reach of children. If swallowed, get medical help or contact a Poison Control Center right away. Do not induce vomiting before contacting medical help or a Poison Control Center. Adults and Children 2 Years and Over: Clean the affected area. Apply directly to the cold sore or fever blister 1 to 3 times daily. Do not bandage. Children Under 2 Years: Ask a doctor. Store at room temperature. Avoid excessive heat. Close cover tightly after each use. 358135.0 686584.0 938778.0 6
829205.0 $4.79 $0.19 / ea. Beauty 360 Makeup Remover Towelettes, 25/Pack 2.0 Right side, front of store Beauty Removes all types of face, lip & eye makeup, even waterproof mascara. Paraben free. 0 0 0 396146.0 986114.0 857242.0 8
829205.0 $6.79 $0.27 / ea. Beauty 360 Makeup Remover Towelettes, 25/Pack 2.0 Left side, front of store Beauty Removes all types of face, lip & eye makeup, even waterproof mascara. Paraben free. 0 0 0 396146.0 986114.0 857242.0 8
829205.0 $6.29 $0.25 / ea. Beauty 360 Makeup Remover Towelettes, 25/Pack 2.0 Left side, back of store Beauty Removes all types of face, lip & eye makeup, even waterproof mascara. Paraben free. 0 0 0 396146.0 986114.0 857242.0 3
844691.0 $1.49 $1.49 / ea. Colgate Max Fresh Toothpaste & Travel Toothbrush 1.0 Left side, front of store Health Essentials Oral Health Colage Max Fresh Toothpaste and a CVS Travel Toothbrush 0 0 0 192868.0 454376.0 857242.0 2
844691.0 $2.09 $2.09 / ea. Max Fresh Toothpaste and Travel Toothbrush 1.0 Left side, half way down Health Essentials Oral Health Colage Max Fresh Toothpaste and a CVS Travel Toothbrush 0 0 0 192868.0 454376.0 857242.0 3
844691.0 $1.99 $1.99 / ea. Max Fresh Toothpaste and Travel Toothbrush 1.0 Right side, back of store Health Essentials Oral Health Colage Max Fresh Toothpaste and a CVS Travel Toothbrush 0 0 0 192868.0 454376.0 857242.0 10
845173.0 $0.89 $0.04 / ea. CVS Health Thin Pantiliners Unscented 1.0 Left side, half way down Health Essentials Feminine Care Compare to Always Pantiliners Thin (Always is a registered trademark of the Procter & Gamble Company. Incredibly thin protection. For everyday protection. Soft, cloth-like covering. Adhesive strip keeps the pantiliners securely in place. Individually wrapped, clean, discreet and practical. Made in Canada. 0 Important: Keep plastic bag away from children. Do not flush. Open pouch and remove pad. Keep pouch for disposal. Remove center peel strip from pad and press into panties. 458343.0 318474.0 202309.0 6
845173.0 $1.27 $0.06 / ea. CVS Health Thin Pantiliners Unscented 1.0 Right side, half way down Health Essentials Feminine Care Compare to Always Pantiliners Thin (Always is a registered trademark of the Procter & Gamble Company. Incredibly thin protection. For everyday protection. Soft, cloth-like covering. Adhesive strip keeps the pantiliners securely in place. Individually wrapped, clean, discreet and practical. Made in Canada. 0 Important: Keep plastic bag away from children. Do not flush. Open pouch and remove pad. Keep pouch for disposal. Remove center peel strip from pad and press into panties. 458343.0 318474.0 202309.0 3
852264.0 $0.84 $0.67 / oz. Gold Emblem Natural Pistachios 1.25 OZ 3.0 Left side, back of store Food & Beverage 120 calories, 1 g sat fat (5% DV), 110 mg sodium (5% DV), 2 g sugars per 1 package. Heart healthy (Scientific evidence suggests but does not prove that eating 1.5 ounces per day of most nuts, such as pistachios, as part of a diet low in saturated fat and cholesterol may reduce the risk of heart disease. See nutrition information for total fat content). Our commitment to quality means we shop carefully for ingredients, adjust recipes, and taste-test everything because in our house as in yours, what matters most is taste. In fact, we guarantee you'll love this item or your money back. We're Gold Emblem: our standard is delicious. Dry Roasted Pistachios, Salt. Contains pistachios. May contain peanuts, other tree nuts, milk. 0 917529.0 999758.0 999855.0 6
852264.0 $1.19 $0.95 / oz. Gold Emblem Natural Pistachios 1.25 OZ 3.0 Right side, front of store Food & Beverage 120 calories, 1 g sat fat (5% DV), 110 mg sodium (5% DV), 2 g sugars per 1 package. Heart healthy (Scientific evidence suggests but does not prove that eating 1.5 ounces per day of most nuts, such as pistachios, as part of a diet low in saturated fat and cholesterol may reduce the risk of heart disease. See nutrition information for total fat content). Our commitment to quality means we shop carefully for ingredients, adjust recipes, and taste-test everything because in our house as in yours, what matters most is taste. In fact, we guarantee you'll love this item or your money back. We're Gold Emblem: our standard is delicious. Dry Roasted Pistachios, Salt. Contains pistachios. May contain peanuts, other tree nuts, milk. 0 917529.0 999758.0 999855.0 5
857242.0 $9.69 $88.09 / oz. CVS Health Teeth Whitening Pen, Fresh Mint 1.0 Right side, back of store Health Essentials Oral Health Fast & easy gel. Clinically tested. Great for travel & touchups! Whitens in as little as 2 days. CVS/pharmacy Whitening Pen is an easy way to dramatically whiten your teeth - anytime and anywhere. This clinically-tested advanced whitening gel has been proven to noticeably whiten teeth in as little as 2 days with little or no sensitivity. CVS/pharmacy Whitening Pen is not a substitute for regular dental care. Please visit your dentist regularly. For best results, refrain from eating or drinking for 30 minutes after application. This product will only whiten your natural teeth, and will not whiten caps, veneers, crowns, fillings or dentures. Do not use if you have braces or any other kind of overnight dental appliance, or if you are pregnant or nursing. Some people may experience tooth sensitivity when using the CVS/pharmacy Whitening Pen and other whitening products. Tooth sensitivity from whitening is temporary and is not harmful. CVS quality. Made in the USA. Water, Hydrogen Peroxide, Glycerin, PEG-60 Hydrogenated Castor Oil, Carbomer, Ammonium Hydroxide, Flavor, Sucralose, Etidronic Acid, Potassium Stannate. Keep out of the reach of children. This product is designed for use only by adults and persons over the age of 16. Store in a cool, dry place. Keep away from direct sunlight. Read instructions before using. May be used safely up to 4 times daily. For Use: 1. Remove cap from whitening pen. 2. Twist the dial at the opposite end to the brush until a small drop of gel is visible (several twists may be required to prime a new pen). 3. Apply a thin layer of gel directly onto the front surfaces of the upper teeth and allow to dry for 30 seconds. Repeat process on lower teeth. Use up to 4 times daily. 4. The gel absorbs quickly to safely whiten your teeth. Replace the cap when you are finished - just twist, brush and smile! - it's that simple! 192868.0 789787.0 957301.0 7
857242.0 $13.79 $125.36 / oz. CVS Health Teeth Whitening Pen, Fresh Mint 1.0 Right side, half way down Health Essentials Oral Health Fast & easy gel. Clinically tested. Great for travel & touchups! Whitens in as little as 2 days. CVS/pharmacy Whitening Pen is an easy way to dramatically whiten your teeth - anytime and anywhere. This clinically-tested advanced whitening gel has been proven to noticeably whiten teeth in as little as 2 days with little or no sensitivity. CVS/pharmacy Whitening Pen is not a substitute for regular dental care. Please visit your dentist regularly. For best results, refrain from eating or drinking for 30 minutes after application. This product will only whiten your natural teeth, and will not whiten caps, veneers, crowns, fillings or dentures. Do not use if you have braces or any other kind of overnight dental appliance, or if you are pregnant or nursing. Some people may experience tooth sensitivity when using the CVS/pharmacy Whitening Pen and other whitening products. Tooth sensitivity from whitening is temporary and is not harmful. CVS quality. Made in the USA. Water, Hydrogen Peroxide, Glycerin, PEG-60 Hydrogenated Castor Oil, Carbomer, Ammonium Hydroxide, Flavor, Sucralose, Etidronic Acid, Potassium Stannate. Keep out of the reach of children. This product is designed for use only by adults and persons over the age of 16. Store in a cool, dry place. Keep away from direct sunlight. Read instructions before using. May be used safely up to 4 times daily. For Use: 1. Remove cap from whitening pen. 2. Twist the dial at the opposite end to the brush until a small drop of gel is visible (several twists may be required to prime a new pen). 3. Apply a thin layer of gel directly onto the front surfaces of the upper teeth and allow to dry for 30 seconds. Repeat process on lower teeth. Use up to 4 times daily. 4. The gel absorbs quickly to safely whiten your teeth. Replace the cap when you are finished - just twist, brush and smile! - it's that simple! 192868.0 789787.0 957301.0 0
857242.0 $12.79 $116.27 / oz. CVS Health Teeth Whitening Pen, Fresh Mint 1.0 Left side, front of store Health Essentials Oral Health Fast & easy gel. Clinically tested. Great for travel & touchups! Whitens in as little as 2 days. CVS/pharmacy Whitening Pen is an easy way to dramatically whiten your teeth - anytime and anywhere. This clinically-tested advanced whitening gel has been proven to noticeably whiten teeth in as little as 2 days with little or no sensitivity. CVS/pharmacy Whitening Pen is not a substitute for regular dental care. Please visit your dentist regularly. For best results, refrain from eating or drinking for 30 minutes after application. This product will only whiten your natural teeth, and will not whiten caps, veneers, crowns, fillings or dentures. Do not use if you have braces or any other kind of overnight dental appliance, or if you are pregnant or nursing. Some people may experience tooth sensitivity when using the CVS/pharmacy Whitening Pen and other whitening products. Tooth sensitivity from whitening is temporary and is not harmful. CVS quality. Made in the USA. Water, Hydrogen Peroxide, Glycerin, PEG-60 Hydrogenated Castor Oil, Carbomer, Ammonium Hydroxide, Flavor, Sucralose, Etidronic Acid, Potassium Stannate. Keep out of the reach of children. This product is designed for use only by adults and persons over the age of 16. Store in a cool, dry place. Keep away from direct sunlight. Read instructions before using. May be used safely up to 4 times daily. For Use: 1. Remove cap from whitening pen. 2. Twist the dial at the opposite end to the brush until a small drop of gel is visible (several twists may be required to prime a new pen). 3. Apply a thin layer of gel directly onto the front surfaces of the upper teeth and allow to dry for 30 seconds. Repeat process on lower teeth. Use up to 4 times daily. 4. The gel absorbs quickly to safely whiten your teeth. Replace the cap when you are finished - just twist, brush and smile! - it's that simple! 192868.0 789787.0 957301.0 8
857281.0 $2.99 $1.50 / ea. CVS Health Contact Lens Case Deluxe 2 Pack 1.0 Right side, front of store Health Essentials Eye Care For soft, hard or gas permeable lenses. Color caps help distinguish left & right contacts. Replace your contact lens case frequently. CVS/pharmacy Deluxe Contact Lens Case is for storage of soft (hydrophilic), gas permeable, and hard contact lenses during chemical disinfection only.This item is FSA (Flexible Spending Account) eligible. 0 Lens cases can be a significant source of microbial contamination. To help prevent eye infections, lens cases should be properly cleaned, rinsed and air dried. Lens cases should be replaced every 3 months, or as directed by your eye care practitioner. Use of this lens case with heat may cause warpage. Use for storage during chemical disinfection only. Do not use with heat. Some chemical and hydrogen peroxide systems require special contact lens cases. Follow manufacturer's instructions or consult your eye care practitioner. Before initial use, rinse lens case and caps thoroughly with fresh contact lens disinfecting solution. Use this method to clean the lens case weekly. Do not use soaps, detergents or other household cleaners. After you remove your lenses from the lens case, empty and rinse it with fresh contact lens disinfecting solution. Allow the lens case and caps to dry thoroughly. Always store lenses in fresh solution. Never reuse solution. Always follow the manufacturer's specific instructions for use with your lens care regime. 695753.0 797076.0 336263.0 4
857281.0 $4.19 $2.10 / ea. CVS Health Contact Lens Case Deluxe 2 Pack 1.0 Right side, front of store Health Essentials Eye Care For soft, hard or gas permeable lenses. Color caps help distinguish left & right contacts. Replace your contact lens case frequently. CVS/pharmacy Deluxe Contact Lens Case is for storage of soft (hydrophilic), gas permeable, and hard contact lenses during chemical disinfection only.This item is FSA (Flexible Spending Account) eligible. 0 Lens cases can be a significant source of microbial contamination. To help prevent eye infections, lens cases should be properly cleaned, rinsed and air dried. Lens cases should be replaced every 3 months, or as directed by your eye care practitioner. Use of this lens case with heat may cause warpage. Use for storage during chemical disinfection only. Do not use with heat. Some chemical and hydrogen peroxide systems require special contact lens cases. Follow manufacturer's instructions or consult your eye care practitioner. Before initial use, rinse lens case and caps thoroughly with fresh contact lens disinfecting solution. Use this method to clean the lens case weekly. Do not use soaps, detergents or other household cleaners. After you remove your lenses from the lens case, empty and rinse it with fresh contact lens disinfecting solution. Allow the lens case and caps to dry thoroughly. Always store lenses in fresh solution. Never reuse solution. Always follow the manufacturer's specific instructions for use with your lens care regime. 695753.0 797076.0 336263.0 10
862227.0 $6.99 $1.75 / oz. CVS Health Children's Pain & Fever Suspen, Grape 4OZ 1.0 Left side, back of store Health Essentials Children's Other Information: Each teaspoon contains: sodium 3 mg. Store at 68-77 degrees F (20-25 degrees C). Do not use if printed neckband is broken or missing.  Misc: For ages 2 to 11. Contains: acetaminophen fever reducer & pain reliever. Free of: alcohol, aspirin, ibuprofen & gluten. 80 mg per 1/2 teaspoon (160 mg per 5 ml). Slow pouring bottle. CVS quality. www.cvs.com. Please recycle. Active Ingredients: In Each 5 ml = 1 Teaspoon: Acetaminophen (160 mg).  Purpose: Pain Reliever/Fever Reducer,   Inactive Ingredients: Anhydrous Citric Acid, Butylparaben, Calcium Sulfate, Carrageenan, D&C Red 33, FD&C Blue 1, Flavor, Glycerin, High Fructose Corn Syrup, Hydroxyethyl Cellulose, Microcrystalline Cellulose and Carboxymethylcellulose Sodium, Propylene Glycol, Purified Water, Sodium Benzoate, Sorbitol Solution, Tribasic Sodium Phosphate. Warnings: Liver warning: This product contains acetaminophen. Severe liver damage may occur if your child takes more than 5 doses in 24 hours, which is the maximum daily amount; with other drugs containing acetaminophen. Sore throat warning: If sore throat is severe, persists for more than 2 days, is accompanied or followed by fever, headache, rash, nausea, or vomiting, consult a doctor promptly. Do not use: with any other drug containing acetaminophen (prescription or nonprescription). If you are not sure whether a drug contains acetaminophen, ask a doctor or pharmacist; if your child has ever had an allergic reaction to this product or any of its ingredients. Ask a doctor before use if your child has liver disease. Ask a doctor or pharmacist before use if your child is taking the blood thinning drug warfarin. Stop use and ask a doctor if: pain gets worse or lasts more than 5 days; fever gets worse or lasts more than 3 days; new symptoms occur; redness or swelling is present. These could be signs of a serious condition. Keep out of reach of children. In case of overdose, get medical help or contact a Poison Control Center right away. (1-800-222-1222). Quick medical attention is critical even if you do not notice any signs or symptoms. Other warnings: Important: Consult a doctor for dosage for children under 2 years old. Tamper Evident: Do not use if printed neckband is broken or missing. Directions: This product does not contain directions or complete warnings for adult use. Do not give more than directed (see Liver warning). Shake well before using. Find right dose on chart. If possible, use weight to dose; otherwise, use age. Use only enclosed dosing cup designed for use with this product. Do not use any other dosing device. If needed, repeat dose every 4 hours while symptoms last. Do not give more than 5 times in 24 hours. Do not give for more than 5 days unless directed by a doctor. Attention: Use only enclosed dosing cup specifically designed for use with this product. Do not use any other dosing device. 1. Shake bottle. Remove cap. 2. Tip bottle upside down and squeeze firmly to dispense product into dosing cup provided. 3. Fill dosing cup according to the directions on side panel.  Under 2 Years (Under 24 lb):  Ask a doctor.  2-3 Years (24-35 lb):  1 tsp or 5 ml.  4-5 Years (36-47 lb):  1-1/2 tsp or 7.5 ml.  6-8 Years (48-59 lb):  2 tsp or 10 ml.  9-10 Years (60-71 lb):  2-1/2 tsp or 12.5 ml.  11 Years (72-95 lb):  3 tsp or 15 ml. 917529.0 193592.0 261925.0 6
862227.0 $6.49 $1.62 / oz. CVS Health Children's Pain & Fever Suspen, Grape 4OZ 1.0 Left side, half way down Health Essentials Children's Other Information: Each teaspoon contains: sodium 3 mg. Store at 68-77 degrees F (20-25 degrees C). Do not use if printed neckband is broken or missing.  Misc: For ages 2 to 11. Contains: acetaminophen fever reducer & pain reliever. Free of: alcohol, aspirin, ibuprofen & gluten. 80 mg per 1/2 teaspoon (160 mg per 5 ml). Slow pouring bottle. CVS quality. www.cvs.com. Please recycle. Active Ingredients: In Each 5 ml = 1 Teaspoon: Acetaminophen (160 mg).  Purpose: Pain Reliever/Fever Reducer,   Inactive Ingredients: Anhydrous Citric Acid, Butylparaben, Calcium Sulfate, Carrageenan, D&C Red 33, FD&C Blue 1, Flavor, Glycerin, High Fructose Corn Syrup, Hydroxyethyl Cellulose, Microcrystalline Cellulose and Carboxymethylcellulose Sodium, Propylene Glycol, Purified Water, Sodium Benzoate, Sorbitol Solution, Tribasic Sodium Phosphate. Warnings: Liver warning: This product contains acetaminophen. Severe liver damage may occur if your child takes more than 5 doses in 24 hours, which is the maximum daily amount; with other drugs containing acetaminophen. Sore throat warning: If sore throat is severe, persists for more than 2 days, is accompanied or followed by fever, headache, rash, nausea, or vomiting, consult a doctor promptly. Do not use: with any other drug containing acetaminophen (prescription or nonprescription). If you are not sure whether a drug contains acetaminophen, ask a doctor or pharmacist; if your child has ever had an allergic reaction to this product or any of its ingredients. Ask a doctor before use if your child has liver disease. Ask a doctor or pharmacist before use if your child is taking the blood thinning drug warfarin. Stop use and ask a doctor if: pain gets worse or lasts more than 5 days; fever gets worse or lasts more than 3 days; new symptoms occur; redness or swelling is present. These could be signs of a serious condition. Keep out of reach of children. In case of overdose, get medical help or contact a Poison Control Center right away. (1-800-222-1222). Quick medical attention is critical even if you do not notice any signs or symptoms. Other warnings: Important: Consult a doctor for dosage for children under 2 years old. Tamper Evident: Do not use if printed neckband is broken or missing. Directions: This product does not contain directions or complete warnings for adult use. Do not give more than directed (see Liver warning). Shake well before using. Find right dose on chart. If possible, use weight to dose; otherwise, use age. Use only enclosed dosing cup designed for use with this product. Do not use any other dosing device. If needed, repeat dose every 4 hours while symptoms last. Do not give more than 5 times in 24 hours. Do not give for more than 5 days unless directed by a doctor. Attention: Use only enclosed dosing cup specifically designed for use with this product. Do not use any other dosing device. 1. Shake bottle. Remove cap. 2. Tip bottle upside down and squeeze firmly to dispense product into dosing cup provided. 3. Fill dosing cup according to the directions on side panel.  Under 2 Years (Under 24 lb):  Ask a doctor.  2-3 Years (24-35 lb):  1 tsp or 5 ml.  4-5 Years (36-47 lb):  1-1/2 tsp or 7.5 ml.  6-8 Years (48-59 lb):  2 tsp or 10 ml.  9-10 Years (60-71 lb):  2-1/2 tsp or 12.5 ml.  11 Years (72-95 lb):  3 tsp or 15 ml. 917529.0 193592.0 261925.0 5
864199.0 $8.79 $0.27 / ea. CVS Health Max Strength Sleep Aid Softgels 32CT 1.0 Left side, half way down Health Essentials Sleep Other Information: Store at controlled room temperature 59-86 degrees F (15-30 degrees C). Do not use if imprinted safety seal under cap is broken or missing.  Misc: Diphenhydramine hydrochloride 50 mg. CVS pharmacist recommended. Fall asleep fast! Safe. Proven effective. Compare to the active ingredient in Maximum Strength Unisom Sleep Gels (This product is not manufactured or distributed by Chattem, Inc., owner of the registered trademark Maximum Strength Unisom SleepGels). CVS quality guarantee. www.cvs.com. Active Ingredients: In Each Softgel: Diphenhydramine HCl (50 mg).  Purpose: Nighttime Sleep-Aid.  Inactive Ingredients: Edible White Ink, FD&C Blue No. 1, Gelatin, Glycerin, Polyethylene Glycol, Purified Water and Sorbitol Special. Warnings: Do not use: this product with other products containing diphenhydramine, even one used on skin. Ask a doctor before use is you have emphysema; chronic bronchitis; glaucoma; difficulty in urination due to an enlargement of the prostate gland. Ask a doctor or pharmacist before use if you are now taking sedatives or tranquilizers. When using this product: avoid alcoholic beverages. Stop use and ask a doctor if: sleeplessness persists for more than 2 weeks. Insomnia may be a symptom of a serious underlying medical illness. Pregnancy/breast-feeding warning: If pregnant or breast-feeding, ask a health professional before use. Keep out of reach of children. In case of overdose, get medical help or contact a Poison Control Center right away. Other warnings: Do not give to children under 12 years of age. Adults and Children 12 Years of Age and Over: Take 1 softgel at bedtime if needed or as directed by a doctor. 917529.0 866535.0 918874.0 8
864199.0 $8.49 $0.27 / ea. CVS Health Max Strength Sleep Aid Softgels 32CT 1.0 Right side, front of store Health Essentials Sleep Other Information: Store at controlled room temperature 59-86 degrees F (15-30 degrees C). Do not use if imprinted safety seal under cap is broken or missing.  Misc: Diphenhydramine hydrochloride 50 mg. CVS pharmacist recommended. Fall asleep fast! Safe. Proven effective. Compare to the active ingredient in Maximum Strength Unisom Sleep Gels (This product is not manufactured or distributed by Chattem, Inc., owner of the registered trademark Maximum Strength Unisom SleepGels). CVS quality guarantee. www.cvs.com. Active Ingredients: In Each Softgel: Diphenhydramine HCl (50 mg).  Purpose: Nighttime Sleep-Aid.  Inactive Ingredients: Edible White Ink, FD&C Blue No. 1, Gelatin, Glycerin, Polyethylene Glycol, Purified Water and Sorbitol Special. Warnings: Do not use: this product with other products containing diphenhydramine, even one used on skin. Ask a doctor before use is you have emphysema; chronic bronchitis; glaucoma; difficulty in urination due to an enlargement of the prostate gland. Ask a doctor or pharmacist before use if you are now taking sedatives or tranquilizers. When using this product: avoid alcoholic beverages. Stop use and ask a doctor if: sleeplessness persists for more than 2 weeks. Insomnia may be a symptom of a serious underlying medical illness. Pregnancy/breast-feeding warning: If pregnant or breast-feeding, ask a health professional before use. Keep out of reach of children. In case of overdose, get medical help or contact a Poison Control Center right away. Other warnings: Do not give to children under 12 years of age. Adults and Children 12 Years of Age and Over: Take 1 softgel at bedtime if needed or as directed by a doctor. 917529.0 866535.0 918874.0 2
866535.0 $11.79 $0.20 / ea. CVS Health Melatonin Capsules 10mg, 60CT 1.0 Left side, back of store Health Essentials Sleep Melatonin is a supplement that works in harmony with your natural sleep cycle to support a sound, tranquil sleep. Melatonin is an excellent choice for people experiencing occasional sleeplessness, those experiencing jet lag, or anyone looking to improve their overall sleep quality.Disclaimer: These statements have not been evaluated by the Food and Drug Administration. This product is not intended to diagnose, treat, cure or prevent any disease. Melatonin 10mg. Other Ingredients: Cellulose (Plant Origin), Gelatin (Bovine), Silica, Vegetable Magnesium Stearate. Not intended for use by pregnant or nursing women. If you are taking any medications or have any medical condition, consult your doctor before use. Discontinue use and consult your doctor if any adverse reactions occur. Do not drive, operate machinery or consume alcohol when taking this product. Limit use to two months with a break of one week. Not intended for use by children. No yeast, wheat, gluten, milk or milk derivatives, lactose, sugar, preservatives, soy, artificial color, artificial flavor, salt. Keep out of reach of children. Store at room temperature and avoid excessive heat. Tamper resistant: Do not use if seal under cap is broken or missing. For adults, take one (1) capsule at bedtime as Melatonin may produce drowsiness. As a reminder, discuss the supplements and medications you take with your health care providers. 917529.0 864199.0 918874.0 3
866535.0 $10.99 $0.18 / ea. CVS Health Melatonin Capsules 10mg, 60CT 1.0 Left side, back of store Health Essentials Sleep Melatonin is a supplement that works in harmony with your natural sleep cycle to support a sound, tranquil sleep. Melatonin is an excellent choice for people experiencing occasional sleeplessness, those experiencing jet lag, or anyone looking to improve their overall sleep quality.Disclaimer: These statements have not been evaluated by the Food and Drug Administration. This product is not intended to diagnose, treat, cure or prevent any disease. Melatonin 10mg. Other Ingredients: Cellulose (Plant Origin), Gelatin (Bovine), Silica, Vegetable Magnesium Stearate. Not intended for use by pregnant or nursing women. If you are taking any medications or have any medical condition, consult your doctor before use. Discontinue use and consult your doctor if any adverse reactions occur. Do not drive, operate machinery or consume alcohol when taking this product. Limit use to two months with a break of one week. Not intended for use by children. No yeast, wheat, gluten, milk or milk derivatives, lactose, sugar, preservatives, soy, artificial color, artificial flavor, salt. Keep out of reach of children. Store at room temperature and avoid excessive heat. Tamper resistant: Do not use if seal under cap is broken or missing. For adults, take one (1) capsule at bedtime as Melatonin may produce drowsiness. As a reminder, discuss the supplements and medications you take with your health care providers. 917529.0 864199.0 918874.0 9
873481.0 $2.69 $0.04 / ea. CVS Health Sugar Free Breath Strips Blue Mint 1.0 Right side, half way down Health Essentials Oral Health 3 packs of 24 strips. Instantly freshens breath. Compare to Listerine PocketPaks Cool Mint Breath Strips (This product is not manufactured or distributed by McNeil-PPC, Inc., owner of the registered trademark Listerine). CVS/pharmacy breath strips dissolve instantly to freshen your breath with a great mint taste. Mint flavor is a burst of long-lasting refreshment. Perfect for your pocket, purse or car. Sugar free. CVS quality. Made in China. Zea Mays (Corn) Starch, Xylitol, Carrageenan, Citric Acid, Mentha Piperita (Peppermint) Oil, Acesulfame K, Aspartame, Glycyrrhiza Glabra (Licorice) Root Extract, FD&C Blue 1, Ascorbic Acid. Tamper resistant: use only if package is sealed. Pull tab on front to open. Remove one strip and place onto tongue. Let strip dissolve for instant fresh breath. Store at 59-77 degrees F (15-25 degrees C) in a dry place. Avoid heat and humidity. 454376.0 192868.0 844691.0 7
873481.0 $3.79 $0.05 / ea. CVS Health Sugar Free Breath Strips Blue Mint 1.0 Right side, half way down Health Essentials Oral Health 3 packs of 24 strips. Instantly freshens breath. Compare to Listerine PocketPaks Cool Mint Breath Strips (This product is not manufactured or distributed by McNeil-PPC, Inc., owner of the registered trademark Listerine). CVS/pharmacy breath strips dissolve instantly to freshen your breath with a great mint taste. Mint flavor is a burst of long-lasting refreshment. Perfect for your pocket, purse or car. Sugar free. CVS quality. Made in China. Zea Mays (Corn) Starch, Xylitol, Carrageenan, Citric Acid, Mentha Piperita (Peppermint) Oil, Acesulfame K, Aspartame, Glycyrrhiza Glabra (Licorice) Root Extract, FD&C Blue 1, Ascorbic Acid. Tamper resistant: use only if package is sealed. Pull tab on front to open. Remove one strip and place onto tongue. Let strip dissolve for instant fresh breath. Store at 59-77 degrees F (15-25 degrees C) in a dry place. Avoid heat and humidity. 454376.0 192868.0 844691.0 5
873481.0 $3.49 $0.05 / ea. CVS Health Sugar Free Breath Strips Blue Mint 1.0 Left side, half way down Health Essentials Oral Health 3 packs of 24 strips. Instantly freshens breath. Compare to Listerine PocketPaks Cool Mint Breath Strips (This product is not manufactured or distributed by McNeil-PPC, Inc., owner of the registered trademark Listerine). CVS/pharmacy breath strips dissolve instantly to freshen your breath with a great mint taste. Mint flavor is a burst of long-lasting refreshment. Perfect for your pocket, purse or car. Sugar free. CVS quality. Made in China. Zea Mays (Corn) Starch, Xylitol, Carrageenan, Citric Acid, Mentha Piperita (Peppermint) Oil, Acesulfame K, Aspartame, Glycyrrhiza Glabra (Licorice) Root Extract, FD&C Blue 1, Ascorbic Acid. Tamper resistant: use only if package is sealed. Pull tab on front to open. Remove one strip and place onto tongue. Let strip dissolve for instant fresh breath. Store at 59-77 degrees F (15-25 degrees C) in a dry place. Avoid heat and humidity. 454376.0 192868.0 844691.0 3
882204.0 $6.99 $0.58 / ea. ZzzQuil Nighttime Sleep Aid LiquiCaps, 12CT 1.0 Left side, back of store Health Essentials Sleep ZzzQuil - A non-habit forming nighttime sleep aid for when you just need a good night's sleep. From the makers of Vicks NyQuil, For the relief of occasional sleeplessness, reduces time to fall asleep if you have difficulty falling asleep, Not for colds. Not for pain. Just for sleep. Sleep soundly so you can wake refreshed, Non-Habit Forming, Not for treating cold or flu. Active Ingredient: Diphenhydramine HCl 25 mg Nighttime Sleep-AidInactive Ingredients: FD&C Blue No. 1, FD&C Red No. 40, Gelatin, Glycerin, Polyethylene Glycol, Purified Water, Sorbitol Sorbitan Solution, Titanium Dioxide Do not use:For children under 12 years of age.With any other product containing diphenhydramine, even one used on skin.With other drugs that cause drowsiness such as antihistamines and nighttime cold/flu productsDo not use with NyQuilAsk a doctor before use if you have:A breathing problem such as asthma, emphysema, or chronic bronchitisGlaucomaDifficulty in urination due to enlargement of the prostate glandHeart disease Ask a doctor or pharmacist before use if you are taking sedatives or tranquilizers or any other sleep aid. When using this product:Avoid alcoholic beverages and other drugs that cause drowsinessDrowsiness will occurBe careful when driving a motor vehicle or operating machinery Stop use and ask a doctor if sleeplessness persists continuously for more than two weeks. Insomnia may be a symptom of serious underlying medical illness. If pregnant or breast-feeding, ask a health professional before use.Keep out of reach of children.Overdose warning: Taking more than directed can cause serious health problems. In case of overdose, get medical help or contact a Poison Control Center right away. Take only one dose per day (24 hours) - see Overdose warning.Adults & children 12 years & over: 2 LiquiCaps at bedtime if needed or as directed by a doctor.Children under 12 years: Do not use. 918874.0 917529.0 866535.0 4
882204.0 $7.29 $0.61 / ea. ZzzQuil Nighttime Sleep Aid LiquiCaps, 12CT 1.0 Left side, back of store Health Essentials Sleep ZzzQuil - A non-habit forming nighttime sleep aid for when you just need a good night's sleep. From the makers of Vicks NyQuil, For the relief of occasional sleeplessness, reduces time to fall asleep if you have difficulty falling asleep, Not for colds. Not for pain. Just for sleep. Sleep soundly so you can wake refreshed, Non-Habit Forming, Not for treating cold or flu. Active Ingredient: Diphenhydramine HCl 25 mg Nighttime Sleep-AidInactive Ingredients: FD&C Blue No. 1, FD&C Red No. 40, Gelatin, Glycerin, Polyethylene Glycol, Purified Water, Sorbitol Sorbitan Solution, Titanium Dioxide Do not use:For children under 12 years of age.With any other product containing diphenhydramine, even one used on skin.With other drugs that cause drowsiness such as antihistamines and nighttime cold/flu productsDo not use with NyQuilAsk a doctor before use if you have:A breathing problem such as asthma, emphysema, or chronic bronchitisGlaucomaDifficulty in urination due to enlargement of the prostate glandHeart disease Ask a doctor or pharmacist before use if you are taking sedatives or tranquilizers or any other sleep aid. When using this product:Avoid alcoholic beverages and other drugs that cause drowsinessDrowsiness will occurBe careful when driving a motor vehicle or operating machinery Stop use and ask a doctor if sleeplessness persists continuously for more than two weeks. Insomnia may be a symptom of serious underlying medical illness. If pregnant or breast-feeding, ask a health professional before use.Keep out of reach of children.Overdose warning: Taking more than directed can cause serious health problems. In case of overdose, get medical help or contact a Poison Control Center right away. Take only one dose per day (24 hours) - see Overdose warning.Adults & children 12 years & over: 2 LiquiCaps at bedtime if needed or as directed by a doctor.Children under 12 years: Do not use. 918874.0 917529.0 866535.0 5
906745.0 $13.29 $0.66 / ea. Mucinex Sinus-Max Day and Night Caplets, 20CT 1.0 Right side, front of store Health Essentials Cough & Cold Mucinex Sinus-Max day and night caplets have the power you need to fight your worst daytime and night time symptoms. It has a triple action formula with three maximum strength medicines that relieves sinus pressure, congestion and headache, plus it thins and loosens mucus.Day time medicine contains active ingredients acetaminophen, pain reliever; guaifenesin, expectorant; phenylephrine HCl, nasal decongestant.Night time medicine contains acetaminophen, pain reliever; diphenhydramine HCl, antihistamine; phenylephrine HCl, nasal decongestant. Active Ingredients: Mucinex Sinus-Max Day: Acetaminophen (325mg). Mucinex Sinus-Max Day: Guaifenesin (200mg). Mucinex Sinus-Max Day: Phenylephrine HCl (5mg). Mucinex Sinus-Max Night: Acetaminophen (325mg). Mucinex Sinus-Max Night: Diphenhydramine HCl (25mg). Mucinex Sinus-Max Night: Phenylephrine HCl (5mg). Inactive Ingredients: Mucinex Sinus-Max Day: Croscarmellose Sodium, Crospovidone, FD&C Red 40 Aluminum Lake, FD&C Yellow 6 Aluminum Lake, Magnesium Stearate, Microcrystalline Cellulose, Polyethylene Glycol, Polyvinyl Alcohol, Povidone, Talc, Titanium Dioxide. Mucinex Sinus-Max Night: Mucinex Sinus-Max Night: Corn Starch, Croscarmellose Sodium, Crospovidone, FD&C Blue 1 Aluminum Lake, Hypromellose, Magnesium Stearate, Microcrystalline Cellulose, Polydextrose, Polyethylene Glycol, Povidone, Silicon Dioxide, Stearic Acid, Titanium Dioxide, Triacetin. Do not use: For children under 12 years of age; if you are taking a prescription monoamine oxidase inhibitor (MAOI) (certain drugs for depression, psychiatric, or emotional conditions, or Parkinson's disease), or for 2 weeks after stopping the MAOI drug. If you do not know if your prescription drug contains an MAOI, ask a doctor or pharmacist before taking this product. Ask a doctor before use if you have heart disease; high blood pressure; thyroid disease; diabetes; trouble urinating due to an enlarged prostate gland; persistent or chronic cough such as occurs with smoking; asthma; chronic bronchitis; or emphysema; cough that occurs with too much phlegm (mucus). When using this product: do not use more than directed. Stop use and ask a doctor if: nervousness, dizziness or sleeplessness occur; symptoms do not get better within 7 days or occur with fever; cough comes back, or occurs with rash or persistent headache. These could be signs of a serious condition. Pregnancy/breast feeding warning: If pregnant or breast feeding, ask a health professional before use. Keep out of reach of children. In case of overdose, get medical help or contact a poison control center right away. Other warnings: Tamper Evident: Do not use if neckband on bottle cap is broken or missing. Do not take more than directed (see overdose warning). Do not take more than 12 caplets in any 24 hours period. Adults and children 12 years and older, take 2 caplets every 4 hours. 938778.0 917529.0 645036.0 3
906745.0 $16.49 $0.82 / ea. Mucinex Sinus-Max Day and Night Caplets, 20CT 1.0 Right side, front of store Health Essentials Cough & Cold Mucinex Sinus-Max day and night caplets have the power you need to fight your worst daytime and night time symptoms. It has a triple action formula with three maximum strength medicines that relieves sinus pressure, congestion and headache, plus it thins and loosens mucus.Day time medicine contains active ingredients acetaminophen, pain reliever; guaifenesin, expectorant; phenylephrine HCl, nasal decongestant.Night time medicine contains acetaminophen, pain reliever; diphenhydramine HCl, antihistamine; phenylephrine HCl, nasal decongestant. Active Ingredients: Mucinex Sinus-Max Day: Acetaminophen (325mg). Mucinex Sinus-Max Day: Guaifenesin (200mg). Mucinex Sinus-Max Day: Phenylephrine HCl (5mg). Mucinex Sinus-Max Night: Acetaminophen (325mg). Mucinex Sinus-Max Night: Diphenhydramine HCl (25mg). Mucinex Sinus-Max Night: Phenylephrine HCl (5mg). Inactive Ingredients: Mucinex Sinus-Max Day: Croscarmellose Sodium, Crospovidone, FD&C Red 40 Aluminum Lake, FD&C Yellow 6 Aluminum Lake, Magnesium Stearate, Microcrystalline Cellulose, Polyethylene Glycol, Polyvinyl Alcohol, Povidone, Talc, Titanium Dioxide. Mucinex Sinus-Max Night: Mucinex Sinus-Max Night: Corn Starch, Croscarmellose Sodium, Crospovidone, FD&C Blue 1 Aluminum Lake, Hypromellose, Magnesium Stearate, Microcrystalline Cellulose, Polydextrose, Polyethylene Glycol, Povidone, Silicon Dioxide, Stearic Acid, Titanium Dioxide, Triacetin. Do not use: For children under 12 years of age; if you are taking a prescription monoamine oxidase inhibitor (MAOI) (certain drugs for depression, psychiatric, or emotional conditions, or Parkinson's disease), or for 2 weeks after stopping the MAOI drug. If you do not know if your prescription drug contains an MAOI, ask a doctor or pharmacist before taking this product. Ask a doctor before use if you have heart disease; high blood pressure; thyroid disease; diabetes; trouble urinating due to an enlarged prostate gland; persistent or chronic cough such as occurs with smoking; asthma; chronic bronchitis; or emphysema; cough that occurs with too much phlegm (mucus). When using this product: do not use more than directed. Stop use and ask a doctor if: nervousness, dizziness or sleeplessness occur; symptoms do not get better within 7 days or occur with fever; cough comes back, or occurs with rash or persistent headache. These could be signs of a serious condition. Pregnancy/breast feeding warning: If pregnant or breast feeding, ask a health professional before use. Keep out of reach of children. In case of overdose, get medical help or contact a poison control center right away. Other warnings: Tamper Evident: Do not use if neckband on bottle cap is broken or missing. Do not take more than directed (see overdose warning). Do not take more than 12 caplets in any 24 hours period. Adults and children 12 years and older, take 2 caplets every 4 hours. 938778.0 917529.0 645036.0 3
917529.0 $1.19 $0.06 / oz. Big Chill Purified Water with Electrolytes, 20 OZ 3.0 Right side, half way down Food & Beverage PURIFIED WATER WITH ELECTROLYTES ADDED FOR TASTEBIG CHILL+ hydrates BIG THIRST.  We use the science of Pure 7 to put water through a seven-step process that ensures water purer than any drop of rain. We take refreshment to the next level by adding a splash of electrolytes for taste. It's where the science of purity meets the art of thirst quenching.PLEASE RECYCLEBottled at the source: 1432 Bethany Turnpike,Honesdale, PA 18431 Distributed by: CVS Pharamacy, Inc., One CVS Drive, Woonsocket, RI 02895 2013 CVS/pharmacy. www.cvs.comFor a report on water quality and information call 1-866-347-9280 or write to Water Source. One, 1201 Spyglass, Suite 101, Austin, TX 78746.   Ingredients : Purified water through reverse osmosis and/or steam distllation, Calcium Chloride , Magnesium Chloride, Potassium Carbonate  0 0 235584.0 999855.0 378687.0 7
917529.0 $1.67 $0.08 / oz. Big Chill Purified Water with Electrolytes, 20 OZ 3.0 Right side, back of store Food & Beverage PURIFIED WATER WITH ELECTROLYTES ADDED FOR TASTEBIG CHILL+ hydrates BIG THIRST.  We use the science of Pure 7 to put water through a seven-step process that ensures water purer than any drop of rain. We take refreshment to the next level by adding a splash of electrolytes for taste. It's where the science of purity meets the art of thirst quenching.PLEASE RECYCLEBottled at the source: 1432 Bethany Turnpike,Honesdale, PA 18431 Distributed by: CVS Pharamacy, Inc., One CVS Drive, Woonsocket, RI 02895 2013 CVS/pharmacy. www.cvs.comFor a report on water quality and information call 1-866-347-9280 or write to Water Source. One, 1201 Spyglass, Suite 101, Austin, TX 78746.   Ingredients : Purified water through reverse osmosis and/or steam distllation, Calcium Chloride , Magnesium Chloride, Potassium Carbonate  0 0 235584.0 999855.0 378687.0 9
918874.0 $5.29 $0.44 / ea. CVS Health Nighttime Sleep Aid Softgels, 12CT 1.0 Right side, back of store Health Essentials Sleep Non-Habit forming softgels Not for treating cold or flu For the relief of occasional sleeplessness Reduces time to fall asleep if you have difficulty falling asleep Active Ingredients: Diphenhydramine HCl (25 mg). Inactive Ingredients: FD&C Blue 1, FD&C Red 40, Gelatin, Glycerin, Methylparaben, Polyethylene Glycol, Propylparaben, Purified Water, Sorbitol, Titanium Dioxide. Failure to follow these warnings could result in serious consequences. Do not use: for children under 12 years of agewith any other product containing diphenhydramine, even one used on skinwith other drugs that cause drowsiness such as antihistamines and nighttime cold/flu products. Ask a doctor before use if: you have a breathing problem such as asthma, emphysema or chronic bronchitisglaucomadifficulty in urination due to enlargement of the prostate glandheart disease Ask a doctor or pharmacist before use if you are taking sedatives or tranquilizers or any other sleep-aid. When using this product avoid alcoholic beverages and other drugs that cause drowsinessdrowsiness will occurbe careful when driving a motor vehicle or operating machinery Stop use and ask a doctor if sleeplessness persists continuously for more than two weeks. Insomnia may be a symptom of serious underlying medical illness. If pregnant or breast-feeding, ask a health professional before use. Keep out of reach of children.Overdose Warning: Taking more than directed can cause serious health problems. In case of overdose, get medical help or contact a Poison Control Center right away. Directions: Take only one dose per day (24 hours) - see Overdose Warning.  Adults & children 12 yrs & over, one dose = two 25 mg softgels (50 mg) at bedtime if needed or as directed by a doctor. 917529.0 866535.0 864199.0 9
919507.0 $4.79 $1.20 / ea. Blade 3 Disposable Razors for Sensitive Skin, 4CT 4.0 Left side, half way down Personal Care 3-Blade disposable razors for sensitive skin, 4ct 0 0 0 536565.0 629097.0 844691.0 9
919507.0 $6.79 $1.70 / ea. Blade 3 Disposable Razors for Sensitive Skin, 4CT 4.0 Right side, front of store Personal Care 3-Blade disposable razors for sensitive skin, 4ct 0 0 0 536565.0 629097.0 844691.0 7
919507.0 $6.49 $1.62 / ea. Blade 3 Disposable Razors for Sensitive Skin, 4CT 4.0 Left side, front of store Personal Care 3-Blade disposable razors for sensitive skin, 4ct 0 0 0 536565.0 629097.0 844691.0 3
937668.0 $1.39 $4.63 / oz. CVS Health Lip Balm SPF 15, 2 pack 4.0 Right side, back of store Personal Care Misc: Sunscreen/skin protectant. Lip moisturizer with aloe & vitamin E. Compare to ChapStick (This product is not manufactured or distributed by Pfizer Consumer Healthcare, owner of the registered trademark ChapStick). Relieves and protects chapped lips. Soothing formula glides on easily Active Ingredients: Octinoxate (7.5%), Oxybenzone (3.5%), Petroleum (40.7%). Purpose: Sunscreen, Sunscreen, Skin Protectant. Inactive Ingredients: Ozokerite, Mineral Oil, Isocetyl Stearate, Microcrystalline Wax, Isopropyl Lanolate, Lanolin, Copernicia Cerifera (Carnauba) Wax, Tocopheryl Acetate, Isopropyl Myristate, Aloe Barbadensis Leaf Extract, Paraffin, Cetyl Alcohol, Tocopheryl Linoleate, Flavor, Methylparaben, Propylparaben. Warnings: For external use only. Stop use and ask a doctor if: rash or irritation develops and lasts. Keep out of reach of children. If swallowed get medical help or contact a Poison Control Center right away. Other warnings: Skin Cancer/Skin Aging Alert: Spending time in the sun increases your risk of skin cancer and early skin aging. This product has been shown only to prevent sunburn, not skin cancer or early skin aging. Directions: Apply liberally before sun exposure and as needed. Children Under 6 Months of Age: Ask a doctor before use. 917529.0 266403.0 645036.0 10
937668.0 $1.99 $6.63 / oz. CVS Health Lip Balm SPF 15, 2 pack 4.0 Right side, half way down Personal Care Misc: Sunscreen/skin protectant. Lip moisturizer with aloe & vitamin E. Compare to ChapStick (This product is not manufactured or distributed by Pfizer Consumer Healthcare, owner of the registered trademark ChapStick). Relieves and protects chapped lips. Soothing formula glides on easily Active Ingredients: Octinoxate (7.5%), Oxybenzone (3.5%), Petroleum (40.7%). Purpose: Sunscreen, Sunscreen, Skin Protectant. Inactive Ingredients: Ozokerite, Mineral Oil, Isocetyl Stearate, Microcrystalline Wax, Isopropyl Lanolate, Lanolin, Copernicia Cerifera (Carnauba) Wax, Tocopheryl Acetate, Isopropyl Myristate, Aloe Barbadensis Leaf Extract, Paraffin, Cetyl Alcohol, Tocopheryl Linoleate, Flavor, Methylparaben, Propylparaben. Warnings: For external use only. Stop use and ask a doctor if: rash or irritation develops and lasts. Keep out of reach of children. If swallowed get medical help or contact a Poison Control Center right away. Other warnings: Skin Cancer/Skin Aging Alert: Spending time in the sun increases your risk of skin cancer and early skin aging. This product has been shown only to prevent sunburn, not skin cancer or early skin aging. Directions: Apply liberally before sun exposure and as needed. Children Under 6 Months of Age: Ask a doctor before use. 917529.0 266403.0 645036.0 2
938777.0 $8.29 $0.41 / ea. CVS Health Max Strength Sinus Relief Caplets 1.0 Right side, half way down Health Essentials Cough & Cold Other Information: Tamper Evident: Do not use if outer package is opened or blister is torn or broken. Store at 77 degrees F (25 degrees C); excursions permitted between 59-86 degrees F (15-30 degrees C).  Misc: For ages 12+. Acetaminophen - pain reliever. Guaifenesin - expectorant. Phenylephrine HCl - nasal decongestant. Relieves headache. Relieves nasal & chest congestion. Thins & loosens mucus. Compare to the active ingredients in Maximum Strength Mucinex Sinus-Max Severe Congestion (This product is not manufactured or distributed by Reckitt Benckiser LLC, owner of the registered trademark Maximum Strength Mucinex Sinus-Max Severe Congestion Relief). CVS quality guarantee. www.cvs.com. Please recycle. Active Ingredients: Acetaminophen (325 mg),  Guaifenesin (200 mg),  Phenylephrine HCl (5 mg).  Purpose: Pain Reliever, in Each Caplet;  Expectorant, in Each Caplet;  Nasal Decongestant, in Each Caplet.  Inactive Ingredients: Corn Starch, Crospovidone, FD&C Red 40 Aluminum Lake, FD&C Yellow 6 Aluminum Lake, Magnesium Stearate, Maltodextrin, Microcrystalline Cellulose, Polyethylene Glycol, Polyvinyl Alcohol, Povidone, Silica Gel, Sodium Starch Glycolate, Stearic Acid, Talc, Titanium Dioxide. Warnings: Liver warning: This product contains acetaminophen. Severe liver damage may occur if you take more than 12 caplets in 24 hours, which is the maximum daily amount; with other drugs containing acetaminophen; 3 or more alcoholic drinks every day while using this product. Do not use: with any other drug containing acetaminophen (prescription or nonprescription) (If you are not sure whether a drug contains acetaminophen, ask a doctor or pharmacist); if you are now taking a prescription monoamine oxidase inhibitor (MAOI) (certain drugs for depression, psychiatric or emotional conditions, or Parkinson's disease), or for 2 weeks after stopping the MAOI drug. If you do not know if your prescription drug contains an MAOI, ask a doctor or pharmacist before taking this product. Ask a doctor before use if you have liver disease; diabetes; heart disease; high blood pressure; thyroid disease; trouble urinating due to an enlarged prostate gland; persistent or chronic cough such as occurs with smoking, asthma, chronic bronchitis, or emphysema; cough that occurs with too much phlegm (mucus). Ask a doctor or pharmacist before use if you are taking the blood thinning drug warfarin. When using this product: do not exceed recommended dosage. Stop use and ask a doctor if: nervousness, dizziness, or sleeplessness occur; fever gets worse or lasts more than 3 days; pain, nasal congestion, or cough gets worse or lasts more than 7 days; redness or swelling is present; cough comes back or occurs with rash or headache that lasts; new symptoms occur. These could be signs of a serious condition. Pregnancy/breast-feeding warning: If pregnant or breast-feeding, ask a health professional before use. Keep out of reach of children.  Overdose Warning: Taking more than the recommended dose (overdose) may cause liver damage. In case of overdose, get medical help or contact a Poison Control Center (1-800-222-1222) right away. Quick medical attention is critical for adults as well as for children even if you do not notice any signs or symptoms. Other warnings: Tamper Evident: Do not use if package is opened or if blister unit is torn, broken or shows any signs of tampering. Directions: Keep outer package for complete product information. Do not take more than directed (see overdose warning). Do not take more than 12 caplets in any 24-hour period.  Adults and Children 12 Years and Older: Take 2 caplets every 4 hours.  Children Under 12 Years of Age: Do not use. 298821.0 266403.0 320711.0 3
938777.0 $11.79 $0.59 / ea. CVS Health Max Strength Sinus Relief Caplets 1.0 Right side, front of store Health Essentials Cough & Cold Other Information: Tamper Evident: Do not use if outer package is opened or blister is torn or broken. Store at 77 degrees F (25 degrees C); excursions permitted between 59-86 degrees F (15-30 degrees C).  Misc: For ages 12+. Acetaminophen - pain reliever. Guaifenesin - expectorant. Phenylephrine HCl - nasal decongestant. Relieves headache. Relieves nasal & chest congestion. Thins & loosens mucus. Compare to the active ingredients in Maximum Strength Mucinex Sinus-Max Severe Congestion (This product is not manufactured or distributed by Reckitt Benckiser LLC, owner of the registered trademark Maximum Strength Mucinex Sinus-Max Severe Congestion Relief). CVS quality guarantee. www.cvs.com. Please recycle. Active Ingredients: Acetaminophen (325 mg),  Guaifenesin (200 mg),  Phenylephrine HCl (5 mg).  Purpose: Pain Reliever, in Each Caplet;  Expectorant, in Each Caplet;  Nasal Decongestant, in Each Caplet.  Inactive Ingredients: Corn Starch, Crospovidone, FD&C Red 40 Aluminum Lake, FD&C Yellow 6 Aluminum Lake, Magnesium Stearate, Maltodextrin, Microcrystalline Cellulose, Polyethylene Glycol, Polyvinyl Alcohol, Povidone, Silica Gel, Sodium Starch Glycolate, Stearic Acid, Talc, Titanium Dioxide. Warnings: Liver warning: This product contains acetaminophen. Severe liver damage may occur if you take more than 12 caplets in 24 hours, which is the maximum daily amount; with other drugs containing acetaminophen; 3 or more alcoholic drinks every day while using this product. Do not use: with any other drug containing acetaminophen (prescription or nonprescription) (If you are not sure whether a drug contains acetaminophen, ask a doctor or pharmacist); if you are now taking a prescription monoamine oxidase inhibitor (MAOI) (certain drugs for depression, psychiatric or emotional conditions, or Parkinson's disease), or for 2 weeks after stopping the MAOI drug. If you do not know if your prescription drug contains an MAOI, ask a doctor or pharmacist before taking this product. Ask a doctor before use if you have liver disease; diabetes; heart disease; high blood pressure; thyroid disease; trouble urinating due to an enlarged prostate gland; persistent or chronic cough such as occurs with smoking, asthma, chronic bronchitis, or emphysema; cough that occurs with too much phlegm (mucus). Ask a doctor or pharmacist before use if you are taking the blood thinning drug warfarin. When using this product: do not exceed recommended dosage. Stop use and ask a doctor if: nervousness, dizziness, or sleeplessness occur; fever gets worse or lasts more than 3 days; pain, nasal congestion, or cough gets worse or lasts more than 7 days; redness or swelling is present; cough comes back or occurs with rash or headache that lasts; new symptoms occur. These could be signs of a serious condition. Pregnancy/breast-feeding warning: If pregnant or breast-feeding, ask a health professional before use. Keep out of reach of children.  Overdose Warning: Taking more than the recommended dose (overdose) may cause liver damage. In case of overdose, get medical help or contact a Poison Control Center (1-800-222-1222) right away. Quick medical attention is critical for adults as well as for children even if you do not notice any signs or symptoms. Other warnings: Tamper Evident: Do not use if package is opened or if blister unit is torn, broken or shows any signs of tampering. Directions: Keep outer package for complete product information. Do not take more than directed (see overdose warning). Do not take more than 12 caplets in any 24-hour period.  Adults and Children 12 Years and Older: Take 2 caplets every 4 hours.  Children Under 12 Years of Age: Do not use. 298821.0 266403.0 320711.0 9
938778.0 $11.79 $0.59 / ea. CVS Health Max Strength Sinus Relief Daytime & Night 1.0 Left side, half way down Health Essentials Cough & Cold Other Information: Tamper Evident: Do not use if outer package is opened or blister is torn or broken. Store at 77 degrees F (25 degrees C); excursions permitted between 59-86 degrees F (15-30 degrees C).  Misc: Daytime: For ages 12+. Acetaminophen - pain reliever. Guaifenesin - expectorant. Phenylephrine HCl - nasal decongestant. Relieves sinus pressure & congestion. Relieves headache. Thins & loosens mucus. Nighttime: For ages 12+. Acetaminophen - pain reliever. Phenylephrine HCl - nasal decongestant. Diphenhydramine HCl - antihistamine. Relieves sinus pressure & pain & nasal congestion. Relieves runny nose & sneezing. Compare to the active ingredients in Maximum Strength Mucinex Sinus-Max Day & Night (This product is not manufactured or distributed by Reckitt Benckiser LLC, owner of the registered trademark Maximum Strength Mucinex Sinus-Max Day & Night. CVS quality guarantee. www.cvs.com. Please recycle. Active Ingredients: Sinus Day: Acetaminophen (325 mg),  Guaifenesin (200 mg),  Phenylephrine HCl (5 mg).  Sinus Night: Acetaminophen (325 mg),  Diphenhydramine HCl (25 mg),  Phenylephrine HCl (5 mg).  Sinus Day: Purpose: Pain Reliever, in Each Caplet;  Expectorant, in Each Caplet;  Nasal Decongestant, in Each Caplet.  Sinus Night: Purpose: Pain Reliever, in Each Caplet;  Antihistamine, in Each Caplet;  Nasal Decongestant, in Each Caplet.  Inactive Ingredients: Sinus Day: Corn Starch, Crospovidone, FD&C Red 40 Aluminum Lake, FD&C Yellow 6 Aluminum Lake, Magnesium Stearate, Maltodextrin, Microcrystalline Cellulose, Polyethylene Glycol, Polyvinyl Alcohol, Povidone, Silica Gel, Sodium Starch Glycolate, Stearic Acid, Talc, Titanium Dioxide. Sinus Night: Corn Starch, Croscarmellose Sodium, Crospovidone, FD&C Blue 1 Aluminum Lake, Hypromellose, Magnesium Stearate, Microcrystalline Cellulose, Polydextrose, Polyethylene Glycol, Povidone, Silica Gel, Stearic Acid, Titanium Dioxide, Triacetin. Warnings: Liver warning: This product contains acetaminophen. Severe liver damage may occur if you take more than 12 caplets in 24 hours, which is the maximum daily amount; with other drugs containing acetaminophen; 3 or more alcoholic drinks every day while using this product. Sore throat warning: If sore throat is severe, persists for more than 2 days, is accompanied or followed by fever, headache, rash, nausea, or vomiting, consult a doctor promptly. (Sinus Night only). Do not use: with any other drug containing acetaminophen (prescription or nonprescription) (If you are not sure whether a drug contains acetaminophen, ask a doctor or pharmacist); if you are now taking a prescription monoamine oxidase inhibitor (MAOI) (certain drugs for depression, psychiatric or emotional conditions, or Parkinson's disease), or for 2 weeks after stopping the MAOI drug (If you do not know if your prescription drug contains an MOAI, ask a doctor or pharmacist before taking this product); if you have ever had an allergic reaction to this product or any of its ingredients (Sinus Night only); with any other product containing diphenhydramine, even one used on the skin (Sinus Night only). Ask a doctor before use if you have heart disease; liver disease; diabetes; thyroid disease; high blood pressure; trouble urinating due to an enlarged prostate gland; persistent or chronic cough such as occurs with smoking, asthma, chronic bronchitis, or emphysema (Sinus Day only); cough that occurs with too much phlegm (Sinus Day only); a breathing problem such as emphysema or chronic bronchitis (Sinus Night only); glaucoma (Sinus Night only). Ask a doctor or pharmacist before use if you are taking the blood thinning drug warfarin; taking sedatives or tranquilizers (Sinus Night only). When using this product: do not exceed recommended dosage; excitability may occur, especially in children (Sinus Night only); marked drowsiness may occur (Sinus Night only); avoid alcoholic drinks (Sinus Night only); alcohol, sedatives and tranquilizers may increase drowsiness (Sinus Night only); be careful when driving a motor vehicle or operating machinery (Sinus Night only). Stop use and ask a doctor if: nervousness, dizziness, or sleeplessness occur; pain or nasal congestion gets worse or lasts more than 7 days; fever gets worse or lasts more than 3 days; redness or swelling is present; new symptoms occur; cough gets worse or lasts more than 7 days (Sinus Day only); cough comes back or occurs with rash or headache that lasts (Sinus Day only). These could be signs of a serious condition. Pregnancy/breast-feeding warning: If pregnant or breast-feeding, ask a health professional before use. Keep out of reach of children.  Overdose Warning: Taking more than the recommended dose (overdose) may cause liver damager. In case of overdose, get medical help or contact a Poison Control Center (1-800-222-1222) right away. Quick medical attention is critical for adults as well as for children if you do not notice any signs or symptoms. Other warnings: Tamper Evident: Do not use if package is opened or if blister unit is torn, broken or shows any signs of tampering. Directions: Keep outer package for complete product information. Do not use more than directed (see overdose warning).  Adults and Children 12 Years and Over: Take 2 caplets every 4 hours. Do not take more than 12 caplets in 24 hours.  Children Under 12 Years: Do not use. 917529.0 645036.0 320711.0 10
950987.0 $2.99 $0.10 / ea. CVS Health Flexible Fabric Anti-Bacterial Bandage, 30CT 1.0 Left side, front of store Health Essentials First Aid HELPS PREVENT INFECTIONTRIPLE PAD TECHNOLOGYKills bacteria3x absorbency*Pain-free film***3x absorbent pad: Innovative pad technology absorbs up to 3x more fluid than most leading bandages.**Pain-free film: Gentle, non-stick film protects wound from disruption and tearing.Antibacterial agent: Benzalkonium chloride medicates, kills bacteria and helps prevent infection.Breathable material30First AidAntiseptic BandagesAll one sizeSterile30 " Regular 3/4 in x 3 in (19 mm x 76 mm)FSCwww.fsc.orgMIXPackaging from responsible sourcesFSC C102462For use on minor cuts, scrapes and burns.Not made with natural rubber latex.Sterile unless wrapper is opened or damaged.F$A ELIGIBLEPLEASE RECYCLECVS QualityMoney Back GuaranteeDistributed by: CVS Pharmacy, Inc.One CVS Drive, Woonsocket, RI 02895 2013 CVS/pharmacywww.cvs.com  1-800-shop-CVSMade in the U.S.A. with U.S. and globally sourced materialsThis item is FSA (Flexible Spending Account) eligible. 0 WARNINGS:For external use only. Do not use in the eyes or apply over large areas of the body. In case of deep cuts, puncture wounds, animal bites or serious burns, consult a doctor. Stop use and consult a doctor if the condition persists or gets worse. Do not use longer than one week unless directed by a doctor. Keep this and all drugs out of the reach of children. DIRECTIONS: For optimal results, apply bandage to clean, dry skin. Change dressing daily, when wet or more often if needed. 322436.0 276878.0 276878.0 7
950987.0 $4.19 $0.14 / ea. CVS Health Flexible Fabric Anti-Bacterial Bandage, 30CT 1.0 Right side, half way down Health Essentials First Aid HELPS PREVENT INFECTIONTRIPLE PAD TECHNOLOGYKills bacteria3x absorbency*Pain-free film***3x absorbent pad: Innovative pad technology absorbs up to 3x more fluid than most leading bandages.**Pain-free film: Gentle, non-stick film protects wound from disruption and tearing.Antibacterial agent: Benzalkonium chloride medicates, kills bacteria and helps prevent infection.Breathable material30First AidAntiseptic BandagesAll one sizeSterile30 " Regular 3/4 in x 3 in (19 mm x 76 mm)FSCwww.fsc.orgMIXPackaging from responsible sourcesFSC C102462For use on minor cuts, scrapes and burns.Not made with natural rubber latex.Sterile unless wrapper is opened or damaged.F$A ELIGIBLEPLEASE RECYCLECVS QualityMoney Back GuaranteeDistributed by: CVS Pharmacy, Inc.One CVS Drive, Woonsocket, RI 02895 2013 CVS/pharmacywww.cvs.com  1-800-shop-CVSMade in the U.S.A. with U.S. and globally sourced materialsThis item is FSA (Flexible Spending Account) eligible. 0 WARNINGS:For external use only. Do not use in the eyes or apply over large areas of the body. In case of deep cuts, puncture wounds, animal bites or serious burns, consult a doctor. Stop use and consult a doctor if the condition persists or gets worse. Do not use longer than one week unless directed by a doctor. Keep this and all drugs out of the reach of children. DIRECTIONS: For optimal results, apply bandage to clean, dry skin. Change dressing daily, when wet or more often if needed. 322436.0 276878.0 276878.0 7
950987.0 $3.99 $0.13 / ea. CVS Health Flexible Fabric Anti-Bacterial Bandage, 30CT 1.0 Right side, half way down Health Essentials First Aid HELPS PREVENT INFECTIONTRIPLE PAD TECHNOLOGYKills bacteria3x absorbency*Pain-free film***3x absorbent pad: Innovative pad technology absorbs up to 3x more fluid than most leading bandages.**Pain-free film: Gentle, non-stick film protects wound from disruption and tearing.Antibacterial agent: Benzalkonium chloride medicates, kills bacteria and helps prevent infection.Breathable material30First AidAntiseptic BandagesAll one sizeSterile30 " Regular 3/4 in x 3 in (19 mm x 76 mm)FSCwww.fsc.orgMIXPackaging from responsible sourcesFSC C102462For use on minor cuts, scrapes and burns.Not made with natural rubber latex.Sterile unless wrapper is opened or damaged.F$A ELIGIBLEPLEASE RECYCLECVS QualityMoney Back GuaranteeDistributed by: CVS Pharmacy, Inc.One CVS Drive, Woonsocket, RI 02895 2013 CVS/pharmacywww.cvs.com  1-800-shop-CVSMade in the U.S.A. with U.S. and globally sourced materialsThis item is FSA (Flexible Spending Account) eligible. 0 WARNINGS:For external use only. Do not use in the eyes or apply over large areas of the body. In case of deep cuts, puncture wounds, animal bites or serious burns, consult a doctor. Stop use and consult a doctor if the condition persists or gets worse. Do not use longer than one week unless directed by a doctor. Keep this and all drugs out of the reach of children. DIRECTIONS: For optimal results, apply bandage to clean, dry skin. Change dressing daily, when wet or more often if needed. 322436.0 276878.0 276878.0 5
954320.0 $1.67 $0.56 / oz. Blade Sport Action Hold Styling Gel, 3 OZ 5.0 Left side, back of store #REF! WATER,PVP,SORBITOL,CARBOMER,KERATIN AMINO ACIDS,PANTHENYL ETHYL ETHER,PALMITOYL OLIGOPEPTIDE,GLYCERYL POLYMETHACRYLATE,PROPYLENE GLYCOL,GLYCERIN,PEG-8,FRAGRANCE,OLETH-20,RAHNELLA/SOY PROTEIN FERMENT,AMINOMETHYL PROPANOL,POTASSIUM SORBATE,METHYLPARABEN,TETRASODIUM EDTA,DIAZOLIDINYL UREA,POLYSORBATE 20,METHYLCHLOROISOTHIAZOLINONE,METHYLISOTHIAZOLINONE,BENZOPHENONE-4,BLUE 1,EXT.VIOLET 2 0 Players manual: Apply to towel dried or dry hair. Comb through and style as you like 341106.0 629097.0 536565.0 1
957301.0 $10.79 $10.79 / ea. CVS Health Battery Powered Travel Sonic Tooth Brush  1.0 Left side, front of store Health Essentials Oral Health CVS Pharmacy travel sonic toothbrush is small, compact and easy to use, it's perfect for use when you're on the go.Sonic action cleans and whitens anywhere.Easy to use one button operation.Extra soft bristles are gentle on teeth & gums.Effectively removes plaque.Meets TSA requirements.Sonic handle, 2 brush heads, 1 AAA battery.Advanced sonic action of 32,000 vibrations per minute to reach deep between teeth.One touch on/off button on handle for easy operation.Snap on brush head cover protects brush head when not in use.Made in China. 0 May explode or leak if charged. + - terminals are connected in reverse. Short-circuit. Disassemble. Heat, disposed of in fire. To stop the spread of germs, you should always replace your toothbrush after being sick with a cold or flu. 0 789787.0 454376.0 857242.0 2
957301.0 $15.49 $15.49 / ea. CVS Health Battery Powered Travel Sonic Tooth Brush  1.0 Left side, front of store Health Essentials Oral Health CVS Pharmacy travel sonic toothbrush is small, compact and easy to use, it's perfect for use when you're on the go.Sonic action cleans and whitens anywhere.Easy to use one button operation.Extra soft bristles are gentle on teeth & gums.Effectively removes plaque.Meets TSA requirements.Sonic handle, 2 brush heads, 1 AAA battery.Advanced sonic action of 32,000 vibrations per minute to reach deep between teeth.One touch on/off button on handle for easy operation.Snap on brush head cover protects brush head when not in use.Made in China. 0 May explode or leak if charged. + - terminals are connected in reverse. Short-circuit. Disassemble. Heat, disposed of in fire. To stop the spread of germs, you should always replace your toothbrush after being sick with a cold or flu. 0 789787.0 454376.0 857242.0 2
957301.0 $14.99 $14.99 / ea. CVS Health Battery Powered Travel Sonic Tooth Brush  1.0 Left side, front of store Health Essentials Oral Health CVS Pharmacy travel sonic toothbrush is small, compact and easy to use, it's perfect for use when you're on the go.Sonic action cleans and whitens anywhere.Easy to use one button operation.Extra soft bristles are gentle on teeth & gums.Effectively removes plaque.Meets TSA requirements.Sonic handle, 2 brush heads, 1 AAA battery.Advanced sonic action of 32,000 vibrations per minute to reach deep between teeth.One touch on/off button on handle for easy operation.Snap on brush head cover protects brush head when not in use.Made in China. 0 May explode or leak if charged. + - terminals are connected in reverse. Short-circuit. Disassemble. Heat, disposed of in fire. To stop the spread of germs, you should always replace your toothbrush after being sick with a cold or flu. 0 789787.0 454376.0 857242.0 8
960863.0 $10.49 $10.49 / ea. Soundlogic XT 2200mAh Portable Power Cell Battery 5.0 Right side, half way down Home & Office Connects to your iPod, iPhone, Android and other smart phones & devices to recharge the internal battery.power cell recharges via USB connection to your computer or other USB power source.2200 mAh back-up fits into your pocket, purse or briefcase to go anywhere that you travel.Soundlogic XT, portable 2200 mAh, power cell with keychain.Up to 9 hours talk time, USB cable included.Quickly recharges: iPhone, smart phones, iPod, Pre-charged.Contents: Portable power cell battery, + USB charging cable.Technical specification:2200 mAh battery, + dc input - 5V - 600mA, + dc output - 5V - 1000mA (max).Compatible with:iPod, iPhone, android, smart phones and more.Compatible with USB and mini USB phone connections.Connect to PC or other USB power source to recharge the power cell battery.Colors and styles may vary.Made in China. 0 The brand name artwork and design of this package is protected by the United States copyright law and may not be reproduced, distributed, displayed, published, altered or used for any purpose without the prior written consent. Altering or removing any trademark or copyright notice from this package is strictly prohibited. Prop 65 Warning: This product, packaging and components may contain chemicals known in the state of California to cause cancer, brith defects or reproductive harm. This notice is being provided in accordance with California Propostion 65. 0 973625.0 973790.0 973780.0 1
960863.0 $14.99 $14.99 / ea. Soundlogic XT 2200mAh Portable Power Cell Battery 5.0 Right side, half way down Home & Office Connects to your iPod, iPhone, Android and other smart phones & devices to recharge the internal battery.power cell recharges via USB connection to your computer or other USB power source.2200 mAh back-up fits into your pocket, purse or briefcase to go anywhere that you travel.Soundlogic XT, portable 2200 mAh, power cell with keychain.Up to 9 hours talk time, USB cable included.Quickly recharges: iPhone, smart phones, iPod, Pre-charged.Contents: Portable power cell battery, + USB charging cable.Technical specification:2200 mAh battery, + dc input - 5V - 600mA, + dc output - 5V - 1000mA (max).Compatible with:iPod, iPhone, android, smart phones and more.Compatible with USB and mini USB phone connections.Connect to PC or other USB power source to recharge the power cell battery.Colors and styles may vary.Made in China. 0 The brand name artwork and design of this package is protected by the United States copyright law and may not be reproduced, distributed, displayed, published, altered or used for any purpose without the prior written consent. Altering or removing any trademark or copyright notice from this package is strictly prohibited. Prop 65 Warning: This product, packaging and components may contain chemicals known in the state of California to cause cancer, brith defects or reproductive harm. This notice is being provided in accordance with California Propostion 65. 0 973625.0 973790.0 973780.0 5
973625.0 $4.19 $4.19 / ea. PowerXcel USB Wall Charger 1.0, Teal 5.0 Right side, back of store Home & Office QUICK CHARGE1A OUTPUTFOLDABLE PLUGFC2013.Distributed by MTG, Inc. Addison, ILMade in China 0 WARNING: This brand name artwork and design of this  package is protected by the United States copyright law and may not be  reproduced, distributed, displayed, published, altered or used for any  purpose without the prior written consent. Altering or removing any  trademark or copyright notice from this package is strictly prohibited. 0 973790.0 973780.0 960863.0 8
973625.0 $5.99 $5.99 / ea. PowerXcel USB Wall Charger 1.0, Teal 5.0 Left side, half way down Home & Office QUICK CHARGE1A OUTPUTFOLDABLE PLUGFC2013.Distributed by MTG, Inc. Addison, ILMade in China 0 WARNING: This brand name artwork and design of this  package is protected by the United States copyright law and may not be  reproduced, distributed, displayed, published, altered or used for any  purpose without the prior written consent. Altering or removing any  trademark or copyright notice from this package is strictly prohibited. 0 973790.0 973780.0 960863.0 4
973780.0 $10.49 $10.49 / ea. PowerXcel Lightning USB Charge Cable, Teal 5.0 Left side, front of store Home & Office 3ftFLAT CABLETANGLE FREEUSB 2.0Made for iPhone 5s/5c/5, iPad (4th generation), iPad mini, iPad Air, iPad mini with Retina display,iPod touch (5th generation), iPod nano (7th generation)Made foriPod  iPhone  iPad"Made  for iPod," "Made for iPhone," and "Made for iPad" mean that an  electronic accessory has been designed to connect specifically to iPod,  iPhone, or iPad, respectively, and has been certified by the developer  to meet Apple performance standards. Apple is not responsible  for the  operation of this device or its compliance with safety and regulatory  standards. Please note that the use of this accessory with iPod, iPhone,  or iPad may affect wireless performance.iPad, iPhone, iPod, iPod  classic, iPod nano, and iPod touch are trademarks of Apple Inc.,  registered in the U.S. and other countries. Lightning is a trademark of  Apple Inc. 2013.Distributed by MTG, Inc. Addison, IL.Made in China 0 WARNING: This brand name artwork and design of this package is protected  by the United States copyright law and may not be reproduced,  distributed, displayed, published, altered or used for any purpose  without the prior written consent. Altering or removing any trademark or  copyright notice from this package is strictly prohibited. 0 973625.0 960863.0 973824.0 0
973780.0 $14.99 $14.99 / ea. PowerXcel Lightning USB Charge Cable, Teal 5.0 Right side, back of store Home & Office 3ftFLAT CABLETANGLE FREEUSB 2.0Made for iPhone 5s/5c/5, iPad (4th generation), iPad mini, iPad Air, iPad mini with Retina display,iPod touch (5th generation), iPod nano (7th generation)Made foriPod  iPhone  iPad"Made  for iPod," "Made for iPhone," and "Made for iPad" mean that an  electronic accessory has been designed to connect specifically to iPod,  iPhone, or iPad, respectively, and has been certified by the developer  to meet Apple performance standards. Apple is not responsible  for the  operation of this device or its compliance with safety and regulatory  standards. Please note that the use of this accessory with iPod, iPhone,  or iPad may affect wireless performance.iPad, iPhone, iPod, iPod  classic, iPod nano, and iPod touch are trademarks of Apple Inc.,  registered in the U.S. and other countries. Lightning is a trademark of  Apple Inc. 2013.Distributed by MTG, Inc. Addison, IL.Made in China 0 WARNING: This brand name artwork and design of this package is protected  by the United States copyright law and may not be reproduced,  distributed, displayed, published, altered or used for any purpose  without the prior written consent. Altering or removing any trademark or  copyright notice from this package is strictly prohibited. 0 973625.0 960863.0 973824.0 2
973790.0 $4.19 $4.19 / ea. PowerXcel Micro USB Charge Cable, Teal 5.0 Left side, half way down Home & Office 3ftFLAT CABLETANGLE FREEUSB 2.0 2013.Distributed by MTG, Inc. Addison, ILMade in China 0 WARNING: This brand name artwork and design of this package is protected  by the United States copyright law and may not be reproduced,  distributed, displayed, published, altered or used for any purpose  without the prior written consent. Altering or removing any trademark or  copyright notice from this package is strictly prohibited. 0 973625.0 960863.0 973824.0 5
973790.0 $5.99 $5.99 / ea. CVS Health PowerXcel Micro USB Charge Cable, Teal 5.0 Left side, back of store Home & Office 3ftFLAT CABLETANGLE FREEUSB 2.0 2013.Distributed by MTG, Inc. Addison, ILMade in China 0 WARNING: This brand name artwork and design of this package is protected  by the United States copyright law and may not be reproduced,  distributed, displayed, published, altered or used for any purpose  without the prior written consent. Altering or removing any trademark or  copyright notice from this package is strictly prohibited. 0 973625.0 960863.0 973824.0 5
973824.0 $6.99 $6.99 / ea. SoundLogic Stereo Metal Earbuds, Blue 5.0 Right side, half way down Home & Office SILICONE BUDS  BUILT-IN MIC  DYNAMIC SOUND  METALLIC EARBUDS WITH BUILT-IN MIC 0 WARNING: This brand name artwork and design of this package is protected by the United States copyright law and may not be reproduced, distributed, displayed, published, altered or used for any purpose without the prior written consent. Altering or removing any trademark or copyright notice from this package is strictly prohibited. 0 960863.0 973625.0 973780.0 0
973824.0 $9.99 $9.99 / ea. SoundLogic Stereo Metal Earbuds, Blue 5.0 Left side, back of store Home & Office SILICONE BUDS  BUILT-IN MIC  DYNAMIC SOUND  METALLIC EARBUDS WITH BUILT-IN MIC 0 WARNING: This brand name artwork and design of this package is protected by the United States copyright law and may not be reproduced, distributed, displayed, published, altered or used for any purpose without the prior written consent. Altering or removing any trademark or copyright notice from this package is strictly prohibited. 0 960863.0 973625.0 973780.0 8
986009.0 $2.99 $2.99 / ea. Beauty 360 Sapphire Nail Shaper 2.0 Right side, back of store Beauty 0 0 0 0 987290.0 986114.0 396146.0 1
986009.0 $4.19 $4.19 / ea. Beauty 360 Sapphire Nail Shaper 2.0 Right side, front of store Beauty 0 0 0 0 987290.0 986114.0 396146.0 1
986114.0 $1.59 $1.59 / ea. Beauty 360 Compact Clipper with File 2.0 Right side, front of store Beauty For precission clipping & classic nail shape 0 0 0 396146.0 829205.0 857242.0 0
986114.0 $2.19 $2.19 / ea. Beauty 360 Compact Clipper with File 2.0 Right side, front of store Beauty For precission clipping & classic nail shape 0 0 0 396146.0 829205.0 857242.0 3
986114.0 $1.99 $1.99 / ea. Beauty 360 Compact Clipper with File 2.0 Right side, half way down Beauty For precission clipping & classic nail shape 0 0 0 396146.0 829205.0 857242.0 8
986150.0 $3.19 $3.19 / ea. Beauty 360 Padded Salon Board, 2CT 5.0 Right side, front of store 0 0 0 0 986114.0 987290.0 990038.0 8
987290.0 $1.79 $1.79 / ea. Beauty 360 Slant Tweezers 2.0 Right side, front of store Beauty 0 0 0 0 986114.0 829205.0 857242.0 4
987290.0 $2.57 $2.57 / ea. Beauty 360 Slant Tweezers 2.0 Left side, front of store Beauty 0 0 0 0 986114.0 829205.0 857242.0 4
990025.0 $2.99 $5.98 / oz. Pop-Arazzi Nail Polish, Sugar Spun 5.0 Right side, half way down #REF!  BUTYL ACETATE, ETHYL ACETATE, NITROCELLULOSE, POLYACRYLIC ACID, ISOPROPYL ALCOHOL, ACETYL TRIBUTYL CITRATE, STEARALKONIUM HECTORITE, MAY CONTAIN +/-: MICA (CI 77019), MAY CONTAIN +/-: TITANIUM DIOXIDE (CI 77891), MAY CONTAIN +/-: YELLOW 5 (CI 19140), MAY CONTAIN +/-: BLACK IRON OXIDE (CI 77499), MAY CONTAIN +/-: RED 6 (CI 15850), MAY CONTAIN +/-: RED 7 (CI 15850:1), MAY CONTAIN +/-: RED 34 (CI 15880), MAY CONTAIN +/-: FERRIC FERROCYANIDE (CI 77510), MAY CONTAIN +/-: ULTRAMARINE BLUE (CI 77007), MAY CONTAIN +/-: BLUE 1 (CI 42090), MAY CONTAIN +/-: MANGANESE VIOLET (CI 77742), MAY CONTAIN +/-: RED 22 (CI 45380), MAY CONTAIN +/-: RED 28 (CI 45410), MAY CONTAIN +/-: YELLOW 10 (CI 47005), MAY CONTAIN +/-: BLACK 2 (CI 77266) Warning: this product is flammable. Keep away from flame and high heat.For external use only.  For adult use only.Note: Many highly pigmented nail polish shades look great on your nails, but without a base coat, those pigments can stain nails. While the stains will fade after a few days, you can avoid them by always using a base coat. pop-arazzi's One Step Prep prevents dark polishes from staining your nails and can help make your nails stronger. Best of all, it helps polish go on more smoothly and adhere to your nails. 0 482594.0 990039.0 990038.0 0
990038.0 $2.99 $5.98 / oz. Pop-Arazzi Nail Polish, Shell Me More 5.0 Left side, front of store #REF!  BUTYL ACETATE, ETHYL ACETATE, NITROCELLULOSE, POLYACRYLIC ACID, ISOPROPYL ALCOHOL, ACETYL TRIBUTYL CITRATE, STEARALKONIUM HECTORITE, MAY CONTAIN +/-: MICA (CI 77019), MAY CONTAIN +/-: TITANIUM DIOXIDE (CI 77891), MAY CONTAIN +/-: YELLOW 5 (CI 19140), MAY CONTAIN +/-: BLACK IRON OXIDE (CI 77499), MAY CONTAIN +/-: RED 6 (CI 15850), MAY CONTAIN +/-: RED 7 (CI 15850:1), MAY CONTAIN +/-: RED 34 (CI 15880), MAY CONTAIN +/-: FERRIC FERROCYANIDE (CI 77510), MAY CONTAIN +/-: ULTRAMARINE BLUE (CI 77007), MAY CONTAIN +/-: BLUE 1 (CI 42090), MAY CONTAIN +/-: MANGANESE VIOLET (CI 77742), MAY CONTAIN +/-: RED 22 (CI 45380), MAY CONTAIN +/-: RED 28 (CI 45410), MAY CONTAIN +/-: YELLOW 10 (CI 47005), MAY CONTAIN +/-: BLACK 2 (CI 77266) Warning: this product is flammable. Keep away from flame and high heat.For external use only.  For adult use only.Note: Many highly pigmented nail polish shades look great on your nails, but without a base coat, those pigments can stain nails. While the stains will fade after a few days, you can avoid them by always using a base coat. pop-arazzi's One Step Prep prevents dark polishes from staining your nails and can help make your nails stronger. Best of all, it helps polish go on more smoothly and adhere to your nails. 0 482594.0 990025.0 990039.0 9
990039.0 $2.99 $5.98 / oz. Pop-Arazzi Nail Polish, Icing On The Cake 5.0 Right side, back of store #REF!  BUTYL ACETATE, ETHYL ACETATE, NITROCELLULOSE, POLYACRYLIC ACID, ISOPROPYL ALCOHOL, ACETYL TRIBUTYL CITRATE, STEARALKONIUM HECTORITE, MAY CONTAIN +/-: MICA (CI 77019), MAY CONTAIN +/-: TITANIUM DIOXIDE (CI 77891), MAY CONTAIN +/-: YELLOW 5 (CI 19140), MAY CONTAIN +/-: BLACK IRON OXIDE (CI 77499), MAY CONTAIN +/-: RED 6 (CI 15850), MAY CONTAIN +/-: RED 7 (CI 15850:1), MAY CONTAIN +/-: RED 34 (CI 15880), MAY CONTAIN +/-: FERRIC FERROCYANIDE (CI 77510), MAY CONTAIN +/-: ULTRAMARINE BLUE (CI 77007), MAY CONTAIN +/-: BLUE 1 (CI 42090), MAY CONTAIN +/-: MANGANESE VIOLET (CI 77742), MAY CONTAIN +/-: RED 22 (CI 45380), MAY CONTAIN +/-: RED 28 (CI 45410), MAY CONTAIN +/-: YELLOW 10 (CI 47005), MAY CONTAIN +/-: BLACK 2 (CI 77266) Warning: this product is flammable. Keep away from flame and high heat.For external use only.  For adult use only.Note: Many highly pigmented nail polish shades look great on your nails, but without a base coat, those pigments can stain nails. While the stains will fade after a few days, you can avoid them by always using a base coat. pop-arazzi's One Step Prep prevents dark polishes from staining your nails and can help make your nails stronger. Best of all, it helps polish go on more smoothly and adhere to your nails. 0 482594.0 990025.0 990038.0 3
994254.0 $7.29 $2.43 / ea. Durex Real Feel Avanti Bare Non-Latex Condoms, 3CT 1.0 Right side, back of store Health Essentials Personal Intimacy Durex Real Feel Avanti Bare Polyisoprene Non-Latex Condoms, 3CT
Durex Avanti Bare Real Feel condoms are ultra thin lubricated polyisoprene non-latex condoms engineered to provide natural skin on skin feeling for latex-sensitive users seeking heightened sensitivity, sensation and excitement.
Polyisoprene latex free ultra thin lubricated condoms for natural skin-on-skin feeling
Each condom is 100% electronically tested for strength, flexibility and reliability
Easy on shape makes condoms easier to put on and more comfortable to wear
Premium Condom with a pleasant scent
Durex is the world's #1 condom brand trusted over 80 years This package is tamper evident. Do not use if carton or condom foils are damaged. Do not use oil-based lubricants, such as petroleum jelly, vegetable/mineral oils or cold cream, since these may damage the latex condom. For maximum benefit, carefully follow the condom instructions inside this package. Use each condom only once. Store in a cool, dry place (below 100 degrees F) and avoid exposure to direct sunlight. Avoid excess heat 735977.0 995475.0 298381.0 7
995475.0 $7.29 $2.43 / ea. Durex Invisible Ultra Thin Premium Condoms, 3CT 1.0 Right side, half way down Health Essentials Personal Intimacy Durex Invisible is the thinnest condom developed by Durex, designed to maximize sensitivity, while still providing a high level of security and protection.
Durex Invisible Ultra Thin Lubricated Latex Condoms
Each condom is 100% electronically tested for strength, flexibility and reliability
Easy on shape makes condoms easier to put on and more comfortable to wear
Premium Condom with a pleasant, low latex scent
Durex is the world's #1 condom brand trusted over 80 years This product contain natural rubber latex which may cause allergic reactions. Do not use oil-based lubricants, such as petroleum jelly, vegetable/mineral oils or cold cream, since these may damage the latex condom. This product contains natural rubber latex which may cause allergic reactions. If you are allergic to natural rubber latex products, consult your doctor for advice before use. Use each condom only once. Store in a cool, dry place (below 100 degrees F) and avoid exposure to direct sunlight. Avoid excess heat. 735977.0 994254.0 298381.0 3
999758.0 $4.99 $0.62 / oz. Gold Emblem Abound Unsalted Pistachio & Almond Blend 3.0 Left side, front of store Food & Beverage  GOOD SOURCE OF FIBERcontains 14g total fat per serving. See nutrition information for fat contentfree from artificial preservatives & flavorssodium free food heart healthy per 1 oz170                      1g            0 mg          1gCALORIES          SAT FAT       SODIUM    SUGARS                        6% DV          8% DV We think pistachios and almonds are two of nature's tastiest gifts. But when paired together? Grand slam. Our heart-healthy, Unsalted Pistachio & Almond Blend is naturally delicious-and easy to snack on because we removed those pesky shells-so you can enjoy them exactly as nature intended.At Gold Emblem Abound, we believe a healthy life should be a tasty life. That's why we carefully source nutritious ingredients that satisfy your cravings, but never give up great taste. We make choosing nourishing snacks simple. Because with us, wholesome choices abound.We're Gold emblem: Our standard is delicious.  Almonds, Pistachio Kernels  Contains almonds and pistachios. 0 917529.0 999855.0 576356.0 2
999758.0 $7.29 $0.91 / oz. Gold Emblem Abound Unsalted Pistachio & Almond Blend 3.0 Right side, back of store Food & Beverage  GOOD SOURCE OF FIBERcontains 14g total fat per serving. See nutrition information for fat contentfree from artificial preservatives & flavorssodium free food heart healthy per 1 oz170                      1g            0 mg          1gCALORIES          SAT FAT       SODIUM    SUGARS                        6% DV          8% DV We think pistachios and almonds are two of nature's tastiest gifts. But when paired together? Grand slam. Our heart-healthy, Unsalted Pistachio & Almond Blend is naturally delicious-and easy to snack on because we removed those pesky shells-so you can enjoy them exactly as nature intended.At Gold Emblem Abound, we believe a healthy life should be a tasty life. That's why we carefully source nutritious ingredients that satisfy your cravings, but never give up great taste. We make choosing nourishing snacks simple. Because with us, wholesome choices abound.We're Gold emblem: Our standard is delicious.  Almonds, Pistachio Kernels  Contains almonds and pistachios. 0 917529.0 999855.0 576356.0 1
999758.0 $6.79 $0.85 / oz. Gold Emblem Abound Unsalted Pistachio & Almond Blend 3.0 Right side, front of store Food & Beverage  GOOD SOURCE OF FIBERcontains 14g total fat per serving. See nutrition information for fat contentfree from artificial preservatives & flavorssodium free food heart healthy per 1 oz170                      1g            0 mg          1gCALORIES          SAT FAT       SODIUM    SUGARS                        6% DV          8% DV We think pistachios and almonds are two of nature's tastiest gifts. But when paired together? Grand slam. Our heart-healthy, Unsalted Pistachio & Almond Blend is naturally delicious-and easy to snack on because we removed those pesky shells-so you can enjoy them exactly as nature intended.At Gold Emblem Abound, we believe a healthy life should be a tasty life. That's why we carefully source nutritious ingredients that satisfy your cravings, but never give up great taste. We make choosing nourishing snacks simple. Because with us, wholesome choices abound.We're Gold emblem: Our standard is delicious.  Almonds, Pistachio Kernels  Contains almonds and pistachios. 0 917529.0 999855.0 576356.0 1
999855.0 $0.84 $0.84 / oz. Gold Emblem Abound Heavenly Light Popcorn, 1 OZ 3.0 Right side, half way down Food & Beverage  GOOD SOURCE OF FIBERcontains 8g of total fat per serving; see nutrition information for total fat contentfree from artificial: preservatives & flavorscholesterol freeCertified Gluten-Free per 1 oz   160                      1g               150mg               0gCALORIES     SAT FAT          SODIUM        SUGARS                     6% DV            6% DV  We feel like we're drifting on a cloud every time we indulge in a handful of our delightful Ultra-Light Heavenly Light Popcorn. It's abundantly airy and fluffy there's no artificial colors or preservatives weighing it down because all we use is a touch of oil for popping and a hint of sea salt for flavor. If the heavens floated down their favorite guilt-free snack, this would be it.At Gold Emblem Abound, we believe a healthy life should be a tasty life. That's why we carefully source nutritious ingredients that satisfy your cravings, but never give up great taste. We make choosing nourishing snacks simple. Because with us, wholesome choices abound.We're Gold Emblem: Our standard is delicious.  White Popcorn, Corn Oil, Sea Salt 0 0 917529.0 576356.0 235584.0 2
999855.0 $1.19 $1.19 / oz. Gold Emblem Abound Heavenly Light Popcorn, 1 OZ 3.0 Left side, front of store Food & Beverage  GOOD SOURCE OF FIBERcontains 8g of total fat per serving; see nutrition information for total fat contentfree from artificial: preservatives & flavorscholesterol freeCertified Gluten-Free per 1 oz   160                      1g               150mg               0gCALORIES     SAT FAT          SODIUM        SUGARS                     6% DV            6% DV  We feel like we're drifting on a cloud every time we indulge in a handful of our delightful Ultra-Light Heavenly Light Popcorn. It's abundantly airy and fluffy there's no artificial colors or preservatives weighing it down because all we use is a touch of oil for popping and a hint of sea salt for flavor. If the heavens floated down their favorite guilt-free snack, this would be it.At Gold Emblem Abound, we believe a healthy life should be a tasty life. That's why we carefully source nutritious ingredients that satisfy your cravings, but never give up great taste. We make choosing nourishing snacks simple. Because with us, wholesome choices abound.We're Gold Emblem: Our standard is delicious.  White Popcorn, Corn Oil, Sea Salt 0 0 917529.0 576356.0 235584.0 1
906747.0 $13.29 $0.66 / ea. Mucinex Sinus-Max Severe Congestion Relief Caplets, 20CT 5.0 Left side, half way down 0 0 4
2
